Local time,Ask,Bid
17.02.2021 16:30:00.053 GMT+0200,76.313,76.297
17.02.2021 16:30:03.270 GMT+0200,76.312,76.288
17.02.2021 16:30:03.768 GMT+0200,76.313,76.297
17.02.2021 16:30:06.736 GMT+0200,76.302,76.298
17.02.2021 16:30:06.787 GMT+0200,76.302,76.288
17.02.2021 16:30:10.135 GMT+0200,76.312,76.288
17.02.2021 16:30:10.286 GMT+0200,76.302,76.288
17.02.2021 16:30:10.336 GMT+0200,76.312,76.288
17.02.2021 16:30:11.111 GMT+0200,76.303,76.287
17.02.2021 16:30:11.314 GMT+0200,76.312,76.288
17.02.2021 16:30:11.382 GMT+0200,76.303,76.287
17.02.2021 16:30:11.795 GMT+0200,76.313,76.287
17.02.2021 16:30:11.860 GMT+0200,76.303,76.287
17.02.2021 16:30:11.982 GMT+0200,76.282,76.268
17.02.2021 16:30:12.033 GMT+0200,76.293,76.267
17.02.2021 16:30:12.133 GMT+0200,76.293,76.277
17.02.2021 16:30:12.492 GMT+0200,76.302,76.278
17.02.2021 16:30:13.131 GMT+0200,76.302,76.288
17.02.2021 16:30:13.231 GMT+0200,76.312,76.288
17.02.2021 16:30:13.300 GMT+0200,76.302,76.288
17.02.2021 16:30:13.925 GMT+0200,76.312,76.288
17.02.2021 16:30:13.975 GMT+0200,76.303,76.287
17.02.2021 16:30:14.191 GMT+0200,76.313,76.287
17.02.2021 16:30:14.242 GMT+0200,76.302,76.288
17.02.2021 16:30:14.961 GMT+0200,76.312,76.288
17.02.2021 16:30:15.069 GMT+0200,76.312,76.298
17.02.2021 16:30:15.850 GMT+0200,76.312,76.288
17.02.2021 16:30:15.900 GMT+0200,76.302,76.288
17.02.2021 16:30:16.001 GMT+0200,76.303,76.277
17.02.2021 16:30:16.339 GMT+0200,76.302,76.288
17.02.2021 16:30:20.354 GMT+0200,76.302,76.278
17.02.2021 16:30:20.839 GMT+0200,76.303,76.287
17.02.2021 16:30:22.035 GMT+0200,76.312,76.288
17.02.2021 16:30:22.157 GMT+0200,76.313,76.297
17.02.2021 16:30:22.307 GMT+0200,76.303,76.287
17.02.2021 16:30:24.831 GMT+0200,76.292,76.278
17.02.2021 16:30:26.373 GMT+0200,76.302,76.288
17.02.2021 16:30:41.031 GMT+0200,76.313,76.297
17.02.2021 16:30:48.023 GMT+0200,76.302,76.288
17.02.2021 16:30:53.426 GMT+0200,76.293,76.277
17.02.2021 16:30:58.439 GMT+0200,76.282,76.268
17.02.2021 16:31:02.817 GMT+0200,76.282,76.258
17.02.2021 16:31:02.977 GMT+0200,76.272,76.258
17.02.2021 16:31:03.459 GMT+0200,76.282,76.258
17.02.2021 16:31:03.837 GMT+0200,76.272,76.258
17.02.2021 16:31:04.378 GMT+0200,76.282,76.268
17.02.2021 16:31:04.908 GMT+0200,76.282,76.258
17.02.2021 16:31:05.058 GMT+0200,76.273,76.257
17.02.2021 16:31:05.315 GMT+0200,76.282,76.258
17.02.2021 16:31:06.142 GMT+0200,76.273,76.257
17.02.2021 16:31:06.395 GMT+0200,76.282,76.258
17.02.2021 16:31:07.795 GMT+0200,76.283,76.267
17.02.2021 16:31:10.184 GMT+0200,76.292,76.278
17.02.2021 16:31:13.686 GMT+0200,76.282,76.268
17.02.2021 16:31:14.840 GMT+0200,76.282,76.258
17.02.2021 16:31:15.173 GMT+0200,76.283,76.267
17.02.2021 16:31:18.085 GMT+0200,76.282,76.258
17.02.2021 16:31:18.135 GMT+0200,76.273,76.257
17.02.2021 16:31:19.723 GMT+0200,76.283,76.257
17.02.2021 16:31:20.109 GMT+0200,76.283,76.267
17.02.2021 16:31:20.210 GMT+0200,76.273,76.257
17.02.2021 16:31:20.403 GMT+0200,76.282,76.258
17.02.2021 16:31:20.705 GMT+0200,76.283,76.267
17.02.2021 16:31:21.618 GMT+0200,76.273,76.267
17.02.2021 16:31:21.668 GMT+0200,76.272,76.258
17.02.2021 16:31:23.506 GMT+0200,76.282,76.268
17.02.2021 16:31:25.154 GMT+0200,76.293,76.267
17.02.2021 16:31:25.204 GMT+0200,76.292,76.278
17.02.2021 16:31:25.800 GMT+0200,76.282,76.268
17.02.2021 16:31:26.882 GMT+0200,76.282,76.258
17.02.2021 16:31:27.054 GMT+0200,76.283,76.267
17.02.2021 16:31:27.644 GMT+0200,76.273,76.257
17.02.2021 16:31:28.603 GMT+0200,76.273,76.267
17.02.2021 16:31:28.653 GMT+0200,76.282,76.268
17.02.2021 16:31:28.818 GMT+0200,76.283,76.257
17.02.2021 16:31:29.349 GMT+0200,76.273,76.257
17.02.2021 16:31:32.510 GMT+0200,76.282,76.258
17.02.2021 16:31:32.566 GMT+0200,76.272,76.258
17.02.2021 16:31:33.020 GMT+0200,76.282,76.258
17.02.2021 16:31:33.171 GMT+0200,76.272,76.258
17.02.2021 16:31:33.527 GMT+0200,76.282,76.268
17.02.2021 16:31:39.494 GMT+0200,76.273,76.257
17.02.2021 16:31:39.730 GMT+0200,76.282,76.268
17.02.2021 16:31:40.598 GMT+0200,76.283,76.257
17.02.2021 16:31:41.196 GMT+0200,76.273,76.257
17.02.2021 16:31:44.812 GMT+0200,76.283,76.267
17.02.2021 16:31:47.947 GMT+0200,76.282,76.258
17.02.2021 16:31:48.219 GMT+0200,76.272,76.258
17.02.2021 16:31:56.499 GMT+0200,76.262,76.248
17.02.2021 16:32:01.568 GMT+0200,76.262,76.238
17.02.2021 16:32:01.792 GMT+0200,76.252,76.238
17.02.2021 16:32:03.502 GMT+0200,76.253,76.227
17.02.2021 16:32:03.571 GMT+0200,76.242,76.228
17.02.2021 16:32:10.570 GMT+0200,76.252,76.238
17.02.2021 16:32:13.466 GMT+0200,76.263,76.237
17.02.2021 16:32:13.517 GMT+0200,76.262,76.248
17.02.2021 16:32:16.225 GMT+0200,76.253,76.237
17.02.2021 16:32:21.327 GMT+0200,76.263,76.237
17.02.2021 16:32:21.399 GMT+0200,76.262,76.248
17.02.2021 16:32:23.330 GMT+0200,76.272,76.258
17.02.2021 16:32:26.154 GMT+0200,76.263,76.247
17.02.2021 16:32:29.107 GMT+0200,76.272,76.248
17.02.2021 16:32:29.230 GMT+0200,76.273,76.257
17.02.2021 16:32:32.547 GMT+0200,76.262,76.248
17.02.2021 16:32:33.730 GMT+0200,76.262,76.238
17.02.2021 16:32:33.882 GMT+0200,76.252,76.238
17.02.2021 16:32:34.383 GMT+0200,76.262,76.248
17.02.2021 16:32:37.172 GMT+0200,76.272,76.258
17.02.2021 16:32:37.583 GMT+0200,76.283,76.257
17.02.2021 16:32:37.633 GMT+0200,76.273,76.257
17.02.2021 16:32:38.097 GMT+0200,76.282,76.268
17.02.2021 16:32:39.842 GMT+0200,76.292,76.278
17.02.2021 16:32:43.305 GMT+0200,76.292,76.268
17.02.2021 16:32:43.581 GMT+0200,76.293,76.277
17.02.2021 16:32:46.405 GMT+0200,76.303,76.287
17.02.2021 16:32:47.692 GMT+0200,76.303,76.297
17.02.2021 16:32:47.742 GMT+0200,76.312,76.298
17.02.2021 16:32:48.219 GMT+0200,76.322,76.308
17.02.2021 16:32:49.048 GMT+0200,76.323,76.297
17.02.2021 16:32:49.098 GMT+0200,76.312,76.298
17.02.2021 16:32:50.438 GMT+0200,76.303,76.287
17.02.2021 16:32:50.914 GMT+0200,76.302,76.278
17.02.2021 16:32:51.014 GMT+0200,76.292,76.278
17.02.2021 16:32:51.250 GMT+0200,76.292,76.288
17.02.2021 16:32:51.301 GMT+0200,76.303,76.287
17.02.2021 16:32:51.615 GMT+0200,76.303,76.277
17.02.2021 16:32:52.151 GMT+0200,76.303,76.287
17.02.2021 16:32:54.184 GMT+0200,76.302,76.278
17.02.2021 16:32:55.294 GMT+0200,76.292,76.278
17.02.2021 16:32:55.887 GMT+0200,76.292,76.268
17.02.2021 16:32:56.176 GMT+0200,76.292,76.278
17.02.2021 16:32:56.405 GMT+0200,76.293,76.267
17.02.2021 16:32:56.686 GMT+0200,76.293,76.277
17.02.2021 16:33:00.292 GMT+0200,76.292,76.268
17.02.2021 16:33:00.393 GMT+0200,76.293,76.277
17.02.2021 16:33:00.987 GMT+0200,76.293,76.267
17.02.2021 16:33:01.037 GMT+0200,76.283,76.267
17.02.2021 16:33:02.358 GMT+0200,76.273,76.257
17.02.2021 16:33:02.993 GMT+0200,76.263,76.247
17.02.2021 16:33:04.669 GMT+0200,76.273,76.257
17.02.2021 16:33:04.819 GMT+0200,76.282,76.268
17.02.2021 16:33:05.554 GMT+0200,76.282,76.258
17.02.2021 16:33:05.766 GMT+0200,76.273,76.257
17.02.2021 16:33:06.978 GMT+0200,76.283,76.267
17.02.2021 16:33:07.984 GMT+0200,76.282,76.258
17.02.2021 16:33:09.308 GMT+0200,76.272,76.258
17.02.2021 16:33:09.459 GMT+0200,76.273,76.247
17.02.2021 16:33:09.509 GMT+0200,76.272,76.258
17.02.2021 16:33:11.853 GMT+0200,76.262,76.248
17.02.2021 16:33:12.018 GMT+0200,76.253,76.237
17.02.2021 16:33:12.169 GMT+0200,76.263,76.237
17.02.2021 16:33:12.611 GMT+0200,76.252,76.238
17.02.2021 16:33:12.762 GMT+0200,76.263,76.237
17.02.2021 16:33:12.816 GMT+0200,76.253,76.237
17.02.2021 16:33:16.769 GMT+0200,76.262,76.248
17.02.2021 16:33:17.121 GMT+0200,76.273,76.247
17.02.2021 16:33:17.409 GMT+0200,76.263,76.247
17.02.2021 16:33:18.260 GMT+0200,76.262,76.238
17.02.2021 16:33:18.926 GMT+0200,76.252,76.238
17.02.2021 16:33:21.536 GMT+0200,76.263,76.237
17.02.2021 16:33:21.636 GMT+0200,76.263,76.247
17.02.2021 16:33:22.008 GMT+0200,76.253,76.237
17.02.2021 16:33:23.317 GMT+0200,76.262,76.238
17.02.2021 16:33:23.787 GMT+0200,76.263,76.247
17.02.2021 16:33:24.305 GMT+0200,76.253,76.237
17.02.2021 16:33:25.731 GMT+0200,76.263,76.247
17.02.2021 16:33:28.060 GMT+0200,76.273,76.247
17.02.2021 16:33:28.166 GMT+0200,76.272,76.258
17.02.2021 16:33:28.396 GMT+0200,76.273,76.247
17.02.2021 16:33:28.446 GMT+0200,76.273,76.257
17.02.2021 16:33:30.118 GMT+0200,76.263,76.257
17.02.2021 16:33:30.169 GMT+0200,76.262,76.248
17.02.2021 16:33:31.230 GMT+0200,76.273,76.247
17.02.2021 16:33:31.346 GMT+0200,76.273,76.257
17.02.2021 16:33:31.591 GMT+0200,76.263,76.247
17.02.2021 16:33:31.691 GMT+0200,76.272,76.248
17.02.2021 16:33:31.852 GMT+0200,76.272,76.258
17.02.2021 16:33:36.222 GMT+0200,76.262,76.248
17.02.2021 16:33:42.563 GMT+0200,76.253,76.237
17.02.2021 16:33:47.291 GMT+0200,76.263,76.237
17.02.2021 16:33:47.391 GMT+0200,76.263,76.247
17.02.2021 16:33:48.524 GMT+0200,76.253,76.237
17.02.2021 16:33:53.077 GMT+0200,76.242,76.238
17.02.2021 16:33:53.127 GMT+0200,76.243,76.227
17.02.2021 16:33:57.949 GMT+0200,76.253,76.237
17.02.2021 16:33:58.625 GMT+0200,76.262,76.248
17.02.2021 16:34:00.102 GMT+0200,76.272,76.258
17.02.2021 16:34:01.328 GMT+0200,76.283,76.267
17.02.2021 16:34:01.429 GMT+0200,76.273,76.257
17.02.2021 16:34:02.535 GMT+0200,76.263,76.257
17.02.2021 16:34:02.586 GMT+0200,76.263,76.247
17.02.2021 16:34:02.863 GMT+0200,76.273,76.247
17.02.2021 16:34:02.913 GMT+0200,76.273,76.257
17.02.2021 16:34:04.051 GMT+0200,76.262,76.248
17.02.2021 16:34:05.139 GMT+0200,76.253,76.237
17.02.2021 16:34:08.439 GMT+0200,76.242,76.238
17.02.2021 16:34:08.489 GMT+0200,76.242,76.228
17.02.2021 16:34:09.325 GMT+0200,76.243,76.237
17.02.2021 16:34:09.375 GMT+0200,76.253,76.237
17.02.2021 16:34:15.880 GMT+0200,76.252,76.228
17.02.2021 16:34:15.931 GMT+0200,76.242,76.228
17.02.2021 16:34:16.769 GMT+0200,76.252,76.228
17.02.2021 16:34:16.836 GMT+0200,76.242,76.228
17.02.2021 16:34:17.018 GMT+0200,76.253,76.227
17.02.2021 16:34:17.373 GMT+0200,76.243,76.227
17.02.2021 16:34:17.489 GMT+0200,76.252,76.228
17.02.2021 16:34:17.642 GMT+0200,76.243,76.227
17.02.2021 16:34:17.810 GMT+0200,76.253,76.237
17.02.2021 16:34:18.006 GMT+0200,76.242,76.228
17.02.2021 16:34:18.574 GMT+0200,76.252,76.238
17.02.2021 16:34:21.188 GMT+0200,76.262,76.238
17.02.2021 16:34:21.289 GMT+0200,76.262,76.248
17.02.2021 16:34:21.856 GMT+0200,76.253,76.237
17.02.2021 16:34:25.289 GMT+0200,76.262,76.238
17.02.2021 16:34:25.414 GMT+0200,76.263,76.247
17.02.2021 16:34:26.690 GMT+0200,76.253,76.237
17.02.2021 16:34:29.699 GMT+0200,76.263,76.237
17.02.2021 16:34:29.799 GMT+0200,76.252,76.238
17.02.2021 16:34:30.823 GMT+0200,76.262,76.238
17.02.2021 16:34:30.873 GMT+0200,76.253,76.237
17.02.2021 16:34:33.423 GMT+0200,76.262,76.248
17.02.2021 16:34:33.574 GMT+0200,76.252,76.238
17.02.2021 16:34:33.985 GMT+0200,76.263,76.237
17.02.2021 16:34:34.318 GMT+0200,76.262,76.248
17.02.2021 16:34:38.825 GMT+0200,76.273,76.247
17.02.2021 16:34:38.948 GMT+0200,76.273,76.257
17.02.2021 16:34:40.578 GMT+0200,76.283,76.257
17.02.2021 16:34:40.729 GMT+0200,76.273,76.257
17.02.2021 16:34:41.325 GMT+0200,76.283,76.257
17.02.2021 16:34:41.555 GMT+0200,76.282,76.268
17.02.2021 16:34:41.760 GMT+0200,76.273,76.257
17.02.2021 16:34:44.780 GMT+0200,76.263,76.247
17.02.2021 16:34:45.442 GMT+0200,76.273,76.247
17.02.2021 16:34:46.606 GMT+0200,76.273,76.257
17.02.2021 16:34:49.062 GMT+0200,76.282,76.258
17.02.2021 16:34:49.413 GMT+0200,76.282,76.268
17.02.2021 16:34:52.060 GMT+0200,76.293,76.267
17.02.2021 16:34:52.111 GMT+0200,76.283,76.267
17.02.2021 16:34:53.844 GMT+0200,76.293,76.267
17.02.2021 16:34:53.995 GMT+0200,76.282,76.268
17.02.2021 16:34:54.045 GMT+0200,76.292,76.268
17.02.2021 16:34:54.156 GMT+0200,76.282,76.268
17.02.2021 16:34:54.263 GMT+0200,76.293,76.267
17.02.2021 16:34:54.313 GMT+0200,76.283,76.267
17.02.2021 16:34:54.414 GMT+0200,76.292,76.278
17.02.2021 16:34:54.720 GMT+0200,76.283,76.267
17.02.2021 16:34:55.550 GMT+0200,76.272,76.258
17.02.2021 16:35:00.338 GMT+0200,76.262,76.248
17.02.2021 16:35:01.519 GMT+0200,76.262,76.258
17.02.2021 16:35:01.570 GMT+0200,76.273,76.257
17.02.2021 16:35:02.476 GMT+0200,76.283,76.257
17.02.2021 16:35:02.527 GMT+0200,76.272,76.258
17.02.2021 16:35:04.374 GMT+0200,76.262,76.248
17.02.2021 16:35:05.279 GMT+0200,76.253,76.247
17.02.2021 16:35:05.329 GMT+0200,76.253,76.237
17.02.2021 16:35:06.880 GMT+0200,76.262,76.238
17.02.2021 16:35:06.930 GMT+0200,76.263,76.247
17.02.2021 16:35:07.292 GMT+0200,76.253,76.247
17.02.2021 16:35:07.342 GMT+0200,76.253,76.237
17.02.2021 16:35:07.393 GMT+0200,76.263,76.237
17.02.2021 16:35:07.623 GMT+0200,76.263,76.247
17.02.2021 16:35:08.874 GMT+0200,76.273,76.257
17.02.2021 16:35:09.171 GMT+0200,76.273,76.247
17.02.2021 16:35:09.322 GMT+0200,76.262,76.248
17.02.2021 16:35:09.472 GMT+0200,76.272,76.258
17.02.2021 16:35:15.095 GMT+0200,76.282,76.268
17.02.2021 16:35:18.146 GMT+0200,76.293,76.267
17.02.2021 16:35:18.529 GMT+0200,76.283,76.267
17.02.2021 16:35:18.641 GMT+0200,76.292,76.278
17.02.2021 16:35:20.214 GMT+0200,76.282,76.268
17.02.2021 16:35:25.695 GMT+0200,76.292,76.278
17.02.2021 16:35:25.796 GMT+0200,76.283,76.267
17.02.2021 16:35:27.287 GMT+0200,76.283,76.277
17.02.2021 16:35:27.338 GMT+0200,76.292,76.278
17.02.2021 16:35:28.323 GMT+0200,76.302,76.288
17.02.2021 16:35:28.624 GMT+0200,76.312,76.288
17.02.2021 16:35:28.674 GMT+0200,76.302,76.288
17.02.2021 16:35:28.725 GMT+0200,76.312,76.288
17.02.2021 16:35:28.956 GMT+0200,76.302,76.288
17.02.2021 16:35:29.056 GMT+0200,76.313,76.287
17.02.2021 16:35:29.107 GMT+0200,76.313,76.297
17.02.2021 16:35:30.078 GMT+0200,76.302,76.288
17.02.2021 16:35:34.223 GMT+0200,76.292,76.278
17.02.2021 16:35:35.027 GMT+0200,76.293,76.287
17.02.2021 16:35:35.077 GMT+0200,76.303,76.287
17.02.2021 16:35:36.247 GMT+0200,76.312,76.288
17.02.2021 16:35:36.297 GMT+0200,76.302,76.288
17.02.2021 16:35:37.221 GMT+0200,76.313,76.297
17.02.2021 16:35:38.112 GMT+0200,76.302,76.288
17.02.2021 16:35:39.122 GMT+0200,76.313,76.297
17.02.2021 16:35:39.408 GMT+0200,76.312,76.288
17.02.2021 16:35:39.559 GMT+0200,76.302,76.288
17.02.2021 16:35:39.824 GMT+0200,76.312,76.288
17.02.2021 16:35:39.916 GMT+0200,76.302,76.288
17.02.2021 16:35:40.451 GMT+0200,76.313,76.297
17.02.2021 16:35:41.369 GMT+0200,76.323,76.307
17.02.2021 16:35:45.561 GMT+0200,76.312,76.298
17.02.2021 16:35:47.771 GMT+0200,76.322,76.298
17.02.2021 16:35:47.821 GMT+0200,76.323,76.307
17.02.2021 16:35:53.716 GMT+0200,76.313,76.297
17.02.2021 16:35:55.304 GMT+0200,76.323,76.307
17.02.2021 16:35:57.416 GMT+0200,76.333,76.317
17.02.2021 16:36:04.239 GMT+0200,76.343,76.317
17.02.2021 16:36:04.289 GMT+0200,76.342,76.328
17.02.2021 16:36:15.358 GMT+0200,76.332,76.318
17.02.2021 16:36:19.773 GMT+0200,76.343,76.317
17.02.2021 16:36:19.823 GMT+0200,76.332,76.318
17.02.2021 16:36:20.087 GMT+0200,76.343,76.317
17.02.2021 16:36:20.182 GMT+0200,76.333,76.317
17.02.2021 16:36:20.459 GMT+0200,76.343,76.317
17.02.2021 16:36:20.509 GMT+0200,76.333,76.317
17.02.2021 16:36:20.610 GMT+0200,76.342,76.318
17.02.2021 16:36:20.665 GMT+0200,76.333,76.317
17.02.2021 16:36:26.111 GMT+0200,76.332,76.308
17.02.2021 16:36:26.860 GMT+0200,76.322,76.308
17.02.2021 16:36:27.315 GMT+0200,76.312,76.298
17.02.2021 16:36:28.008 GMT+0200,76.302,76.298
17.02.2021 16:36:28.058 GMT+0200,76.302,76.288
17.02.2021 16:36:28.330 GMT+0200,76.313,76.287
17.02.2021 16:36:28.487 GMT+0200,76.303,76.287
17.02.2021 16:36:28.639 GMT+0200,76.312,76.298
17.02.2021 16:36:29.033 GMT+0200,76.312,76.288
17.02.2021 16:36:29.529 GMT+0200,76.302,76.288
17.02.2021 16:36:30.592 GMT+0200,76.293,76.277
17.02.2021 16:36:31.541 GMT+0200,76.292,76.288
17.02.2021 16:36:31.591 GMT+0200,76.302,76.288
17.02.2021 16:36:32.284 GMT+0200,76.303,76.277
17.02.2021 16:36:32.408 GMT+0200,76.293,76.277
17.02.2021 16:36:33.071 GMT+0200,76.303,76.277
17.02.2021 16:36:33.243 GMT+0200,76.303,76.287
17.02.2021 16:36:33.601 GMT+0200,76.313,76.287
17.02.2021 16:36:33.701 GMT+0200,76.313,76.297
17.02.2021 16:36:34.297 GMT+0200,76.302,76.288
17.02.2021 16:36:34.398 GMT+0200,76.312,76.288
17.02.2021 16:36:34.448 GMT+0200,76.313,76.297
17.02.2021 16:36:35.704 GMT+0200,76.323,76.307
17.02.2021 16:36:36.313 GMT+0200,76.323,76.297
17.02.2021 16:36:36.492 GMT+0200,76.323,76.307
17.02.2021 16:36:37.692 GMT+0200,76.322,76.298
17.02.2021 16:36:38.019 GMT+0200,76.312,76.298
17.02.2021 16:36:38.691 GMT+0200,76.323,76.307
17.02.2021 16:36:38.792 GMT+0200,76.312,76.298
17.02.2021 16:36:40.467 GMT+0200,76.312,76.288
17.02.2021 16:36:41.008 GMT+0200,76.312,76.298
17.02.2021 16:36:46.816 GMT+0200,76.302,76.288
17.02.2021 16:36:50.535 GMT+0200,76.292,76.288
17.02.2021 16:36:50.585 GMT+0200,76.292,76.278
17.02.2021 16:36:54.508 GMT+0200,76.282,76.268
17.02.2021 16:36:56.867 GMT+0200,76.272,76.268
17.02.2021 16:36:56.917 GMT+0200,76.272,76.258
17.02.2021 16:36:58.622 GMT+0200,76.263,76.247
17.02.2021 16:37:02.418 GMT+0200,76.252,76.248
17.02.2021 16:37:02.468 GMT+0200,76.252,76.238
17.02.2021 16:37:03.685 GMT+0200,76.263,76.247
17.02.2021 16:37:03.927 GMT+0200,76.262,76.238
17.02.2021 16:37:04.407 GMT+0200,76.262,76.248
17.02.2021 16:37:07.117 GMT+0200,76.273,76.247
17.02.2021 16:37:07.226 GMT+0200,76.262,76.248
17.02.2021 16:37:07.588 GMT+0200,76.272,76.248
17.02.2021 16:37:07.688 GMT+0200,76.273,76.257
17.02.2021 16:37:07.896 GMT+0200,76.273,76.247
17.02.2021 16:37:08.058 GMT+0200,76.272,76.258
17.02.2021 16:37:08.159 GMT+0200,76.263,76.247
17.02.2021 16:37:09.296 GMT+0200,76.263,76.237
17.02.2021 16:37:09.622 GMT+0200,76.253,76.237
17.02.2021 16:37:11.622 GMT+0200,76.242,76.238
17.02.2021 16:37:11.672 GMT+0200,76.242,76.228
17.02.2021 16:37:11.894 GMT+0200,76.252,76.238
17.02.2021 16:37:12.073 GMT+0200,76.252,76.228
17.02.2021 16:37:12.617 GMT+0200,76.243,76.227
17.02.2021 16:37:15.774 GMT+0200,76.252,76.228
17.02.2021 16:37:15.925 GMT+0200,76.253,76.237
17.02.2021 16:37:17.038 GMT+0200,76.263,76.237
17.02.2021 16:37:17.139 GMT+0200,76.252,76.238
17.02.2021 16:37:17.248 GMT+0200,76.263,76.237
17.02.2021 16:37:17.298 GMT+0200,76.262,76.248
17.02.2021 16:37:19.470 GMT+0200,76.252,76.238
17.02.2021 16:37:20.640 GMT+0200,76.263,76.237
17.02.2021 16:37:20.691 GMT+0200,76.263,76.247
17.02.2021 16:37:21.555 GMT+0200,76.252,76.248
17.02.2021 16:37:21.606 GMT+0200,76.253,76.237
17.02.2021 16:37:26.074 GMT+0200,76.243,76.227
17.02.2021 16:37:28.791 GMT+0200,76.242,76.218
17.02.2021 16:37:28.841 GMT+0200,76.242,76.228
17.02.2021 16:37:30.132 GMT+0200,76.243,76.217
17.02.2021 16:37:30.497 GMT+0200,76.243,76.227
17.02.2021 16:37:32.317 GMT+0200,76.252,76.228
17.02.2021 16:37:32.367 GMT+0200,76.242,76.228
17.02.2021 16:37:32.467 GMT+0200,76.252,76.228
17.02.2021 16:37:33.032 GMT+0200,76.242,76.228
17.02.2021 16:37:34.188 GMT+0200,76.233,76.217
17.02.2021 16:37:42.744 GMT+0200,76.213,76.197
17.02.2021 16:37:46.252 GMT+0200,76.202,76.198
17.02.2021 16:37:46.303 GMT+0200,76.202,76.188
17.02.2021 16:37:48.306 GMT+0200,76.192,76.178
17.02.2021 16:37:50.503 GMT+0200,76.182,76.168
17.02.2021 16:37:51.621 GMT+0200,76.193,76.177
17.02.2021 16:37:52.652 GMT+0200,76.202,76.188
17.02.2021 16:37:53.138 GMT+0200,76.202,76.178
17.02.2021 16:37:53.442 GMT+0200,76.193,76.177
17.02.2021 16:37:56.662 GMT+0200,76.192,76.168
17.02.2021 16:37:56.920 GMT+0200,76.182,76.168
17.02.2021 16:37:59.021 GMT+0200,76.172,76.158
17.02.2021 16:38:01.233 GMT+0200,76.162,76.148
17.02.2021 16:38:02.067 GMT+0200,76.172,76.158
17.02.2021 16:38:03.374 GMT+0200,76.182,76.168
17.02.2021 16:38:03.953 GMT+0200,76.183,76.157
17.02.2021 16:38:04.115 GMT+0200,76.172,76.158
17.02.2021 16:38:04.566 GMT+0200,76.182,76.158
17.02.2021 16:38:04.895 GMT+0200,76.182,76.168
17.02.2021 16:38:05.372 GMT+0200,76.182,76.158
17.02.2021 16:38:05.422 GMT+0200,76.183,76.167
17.02.2021 16:38:07.691 GMT+0200,76.172,76.158
17.02.2021 16:38:08.780 GMT+0200,76.163,76.147
17.02.2021 16:38:10.646 GMT+0200,76.153,76.147
17.02.2021 16:38:10.696 GMT+0200,76.152,76.138
17.02.2021 16:38:11.778 GMT+0200,76.163,76.137
17.02.2021 16:38:12.549 GMT+0200,76.152,76.138
17.02.2021 16:38:13.547 GMT+0200,76.163,76.137
17.02.2021 16:38:14.050 GMT+0200,76.153,76.137
17.02.2021 16:38:17.370 GMT+0200,76.143,76.137
17.02.2021 16:38:17.420 GMT+0200,76.142,76.128
17.02.2021 16:38:18.090 GMT+0200,76.152,76.138
17.02.2021 16:38:22.793 GMT+0200,76.143,76.127
17.02.2021 16:38:27.810 GMT+0200,76.153,76.137
17.02.2021 16:38:28.661 GMT+0200,76.142,76.128
17.02.2021 16:38:38.228 GMT+0200,76.132,76.128
17.02.2021 16:38:38.278 GMT+0200,76.133,76.117
17.02.2021 16:38:46.318 GMT+0200,76.143,76.127
17.02.2021 16:38:46.469 GMT+0200,76.143,76.117
17.02.2021 16:38:46.519 GMT+0200,76.142,76.128
17.02.2021 16:38:46.759 GMT+0200,76.133,76.117
17.02.2021 16:38:47.080 GMT+0200,76.143,76.117
17.02.2021 16:38:47.130 GMT+0200,76.143,76.127
17.02.2021 16:38:47.602 GMT+0200,76.132,76.118
17.02.2021 16:38:48.288 GMT+0200,76.142,76.128
17.02.2021 16:38:49.212 GMT+0200,76.153,76.137
17.02.2021 16:38:49.911 GMT+0200,76.163,76.137
17.02.2021 16:38:50.182 GMT+0200,76.162,76.148
17.02.2021 16:38:52.598 GMT+0200,76.173,76.157
17.02.2021 16:38:53.408 GMT+0200,76.183,76.167
17.02.2021 16:38:53.459 GMT+0200,76.182,76.158
17.02.2021 16:38:53.509 GMT+0200,76.172,76.158
17.02.2021 16:38:54.479 GMT+0200,76.182,76.158
17.02.2021 16:38:54.579 GMT+0200,76.173,76.157
17.02.2021 16:38:55.715 GMT+0200,76.163,76.147
17.02.2021 16:38:56.253 GMT+0200,76.163,76.137
17.02.2021 16:38:56.304 GMT+0200,76.162,76.148
17.02.2021 16:39:00.086 GMT+0200,76.172,76.158
17.02.2021 16:39:00.662 GMT+0200,76.183,76.167
17.02.2021 16:39:01.234 GMT+0200,76.172,76.158
17.02.2021 16:39:02.161 GMT+0200,76.183,76.167
17.02.2021 16:39:02.423 GMT+0200,76.193,76.177
17.02.2021 16:39:08.367 GMT+0200,76.193,76.187
17.02.2021 16:39:08.417 GMT+0200,76.203,76.187
17.02.2021 16:39:10.092 GMT+0200,76.213,76.197
17.02.2021 16:39:11.512 GMT+0200,76.222,76.208
17.02.2021 16:39:12.298 GMT+0200,76.212,76.198
17.02.2021 16:39:12.348 GMT+0200,76.222,76.198
17.02.2021 16:39:12.460 GMT+0200,76.222,76.208
17.02.2021 16:39:12.881 GMT+0200,76.223,76.217
17.02.2021 16:39:12.932 GMT+0200,76.232,76.218
17.02.2021 16:39:13.699 GMT+0200,76.223,76.207
17.02.2021 16:39:14.281 GMT+0200,76.233,76.217
17.02.2021 16:39:14.489 GMT+0200,76.242,76.218
17.02.2021 16:39:14.589 GMT+0200,76.242,76.228
17.02.2021 16:39:14.691 GMT+0200,76.242,76.218
17.02.2021 16:39:14.792 GMT+0200,76.232,76.218
17.02.2021 16:39:14.969 GMT+0200,76.243,76.217
17.02.2021 16:39:15.311 GMT+0200,76.232,76.218
17.02.2021 16:39:15.362 GMT+0200,76.242,76.218
17.02.2021 16:39:15.412 GMT+0200,76.242,76.228
17.02.2021 16:39:15.462 GMT+0200,76.243,76.217
17.02.2021 16:39:15.580 GMT+0200,76.233,76.217
17.02.2021 16:39:17.298 GMT+0200,76.243,76.217
17.02.2021 16:39:17.348 GMT+0200,76.242,76.228
17.02.2021 16:39:17.516 GMT+0200,76.233,76.217
17.02.2021 16:39:17.840 GMT+0200,76.223,76.207
17.02.2021 16:39:19.683 GMT+0200,76.212,76.208
17.02.2021 16:39:19.733 GMT+0200,76.213,76.197
17.02.2021 16:39:19.934 GMT+0200,76.203,76.187
17.02.2021 16:39:20.185 GMT+0200,76.213,76.187
17.02.2021 16:39:20.347 GMT+0200,76.223,76.197
17.02.2021 16:39:20.751 GMT+0200,76.212,76.198
17.02.2021 16:39:22.558 GMT+0200,76.202,76.198
17.02.2021 16:39:22.608 GMT+0200,76.202,76.188
17.02.2021 16:39:23.512 GMT+0200,76.212,76.188
17.02.2021 16:39:23.562 GMT+0200,76.202,76.188
17.02.2021 16:39:24.317 GMT+0200,76.213,76.187
17.02.2021 16:39:24.484 GMT+0200,76.212,76.198
17.02.2021 16:39:24.715 GMT+0200,76.212,76.188
17.02.2021 16:39:25.429 GMT+0200,76.203,76.187
17.02.2021 16:39:29.987 GMT+0200,76.193,76.177
17.02.2021 16:39:32.596 GMT+0200,76.193,76.187
17.02.2021 16:39:32.647 GMT+0200,76.203,76.187
17.02.2021 16:39:33.723 GMT+0200,76.193,76.177
17.02.2021 16:39:34.826 GMT+0200,76.183,76.177
17.02.2021 16:39:34.877 GMT+0200,76.182,76.168
17.02.2021 16:39:35.443 GMT+0200,76.173,76.157
17.02.2021 16:39:40.304 GMT+0200,76.182,76.158
17.02.2021 16:39:40.391 GMT+0200,76.173,76.157
17.02.2021 16:39:40.491 GMT+0200,76.182,76.158
17.02.2021 16:39:40.542 GMT+0200,76.173,76.157
17.02.2021 16:39:41.174 GMT+0200,76.183,76.157
17.02.2021 16:39:41.590 GMT+0200,76.182,76.168
17.02.2021 16:39:42.334 GMT+0200,76.172,76.168
17.02.2021 16:39:42.384 GMT+0200,76.173,76.157
17.02.2021 16:39:45.744 GMT+0200,76.163,76.157
17.02.2021 16:39:45.794 GMT+0200,76.163,76.147
17.02.2021 16:39:48.105 GMT+0200,76.172,76.148
17.02.2021 16:39:48.155 GMT+0200,76.162,76.148
17.02.2021 16:39:50.015 GMT+0200,76.173,76.157
17.02.2021 16:39:50.867 GMT+0200,76.183,76.157
17.02.2021 16:39:51.246 GMT+0200,76.182,76.168
17.02.2021 16:39:52.180 GMT+0200,76.183,76.157
17.02.2021 16:39:52.230 GMT+0200,76.173,76.157
17.02.2021 16:39:52.871 GMT+0200,76.172,76.148
17.02.2021 16:39:52.921 GMT+0200,76.162,76.148
17.02.2021 16:39:53.533 GMT+0200,76.162,76.158
17.02.2021 16:39:53.583 GMT+0200,76.172,76.158
17.02.2021 16:39:55.575 GMT+0200,76.172,76.148
17.02.2021 16:39:55.727 GMT+0200,76.173,76.157
17.02.2021 16:39:55.777 GMT+0200,76.172,76.148
17.02.2021 16:39:56.636 GMT+0200,76.172,76.158
17.02.2021 16:40:01.372 GMT+0200,76.183,76.157
17.02.2021 16:40:01.575 GMT+0200,76.173,76.157
17.02.2021 16:40:02.002 GMT+0200,76.183,76.157
17.02.2021 16:40:02.055 GMT+0200,76.183,76.167
17.02.2021 16:40:02.214 GMT+0200,76.182,76.158
17.02.2021 16:40:02.752 GMT+0200,76.172,76.158
17.02.2021 16:40:02.994 GMT+0200,76.182,76.168
17.02.2021 16:40:03.562 GMT+0200,76.192,76.178
17.02.2021 16:40:04.334 GMT+0200,76.193,76.167
17.02.2021 16:40:04.560 GMT+0200,76.192,76.178
17.02.2021 16:40:04.983 GMT+0200,76.203,76.177
17.02.2021 16:40:05.083 GMT+0200,76.202,76.188
17.02.2021 16:40:05.439 GMT+0200,76.202,76.178
17.02.2021 16:40:05.817 GMT+0200,76.192,76.178
17.02.2021 16:40:06.432 GMT+0200,76.202,76.178
17.02.2021 16:40:06.482 GMT+0200,76.192,76.178
17.02.2021 16:40:06.966 GMT+0200,76.202,76.178
17.02.2021 16:40:07.118 GMT+0200,76.202,76.188
17.02.2021 16:40:08.064 GMT+0200,76.192,76.178
17.02.2021 16:40:08.115 GMT+0200,76.202,76.178
17.02.2021 16:40:08.215 GMT+0200,76.202,76.188
17.02.2021 16:40:09.487 GMT+0200,76.213,76.197
17.02.2021 16:40:10.102 GMT+0200,76.202,76.188
17.02.2021 16:40:10.362 GMT+0200,76.212,76.198
17.02.2021 16:40:11.356 GMT+0200,76.212,76.188
17.02.2021 16:40:11.709 GMT+0200,76.213,76.197
17.02.2021 16:40:11.983 GMT+0200,76.202,76.188
17.02.2021 16:40:13.015 GMT+0200,76.212,76.198
17.02.2021 16:40:13.065 GMT+0200,76.212,76.188
17.02.2021 16:40:13.116 GMT+0200,76.212,76.198
17.02.2021 16:40:14.070 GMT+0200,76.202,76.188
17.02.2021 16:40:17.731 GMT+0200,76.212,76.198
17.02.2021 16:40:19.303 GMT+0200,76.203,76.187
17.02.2021 16:40:21.285 GMT+0200,76.203,76.177
17.02.2021 16:40:21.335 GMT+0200,76.192,76.178
17.02.2021 16:40:26.639 GMT+0200,76.193,76.167
17.02.2021 16:40:26.912 GMT+0200,76.183,76.167
17.02.2021 16:40:27.182 GMT+0200,76.173,76.157
17.02.2021 16:40:33.718 GMT+0200,76.162,76.158
17.02.2021 16:40:33.769 GMT+0200,76.163,76.147
17.02.2021 16:40:36.473 GMT+0200,76.173,76.147
17.02.2021 16:40:36.577 GMT+0200,76.163,76.147
17.02.2021 16:40:36.822 GMT+0200,76.172,76.148
17.02.2021 16:40:36.872 GMT+0200,76.172,76.158
17.02.2021 16:40:37.174 GMT+0200,76.172,76.148
17.02.2021 16:40:37.389 GMT+0200,76.173,76.157
17.02.2021 16:40:37.648 GMT+0200,76.173,76.147
17.02.2021 16:40:38.038 GMT+0200,76.163,76.147
17.02.2021 16:40:41.090 GMT+0200,76.173,76.157
17.02.2021 16:40:41.517 GMT+0200,76.173,76.147
17.02.2021 16:40:41.618 GMT+0200,76.172,76.158
17.02.2021 16:40:43.249 GMT+0200,76.173,76.147
17.02.2021 16:40:43.299 GMT+0200,76.163,76.147
17.02.2021 16:40:49.640 GMT+0200,76.172,76.158
17.02.2021 16:40:49.848 GMT+0200,76.163,76.147
17.02.2021 16:40:51.869 GMT+0200,76.172,76.158
17.02.2021 16:40:54.727 GMT+0200,76.163,76.147
17.02.2021 16:41:06.307 GMT+0200,76.173,76.157
17.02.2021 16:41:06.598 GMT+0200,76.182,76.168
17.02.2021 16:41:06.749 GMT+0200,76.183,76.157
17.02.2021 16:41:06.947 GMT+0200,76.173,76.157
17.02.2021 16:41:07.150 GMT+0200,76.183,76.157
17.02.2021 16:41:07.409 GMT+0200,76.172,76.158
17.02.2021 16:41:09.483 GMT+0200,76.162,76.148
17.02.2021 16:41:09.841 GMT+0200,76.173,76.157
17.02.2021 16:41:10.201 GMT+0200,76.182,76.168
17.02.2021 16:41:14.033 GMT+0200,76.193,76.167
17.02.2021 16:41:14.084 GMT+0200,76.182,76.168
17.02.2021 16:41:15.033 GMT+0200,76.193,76.177
17.02.2021 16:41:16.586 GMT+0200,76.183,76.167
17.02.2021 16:41:17.509 GMT+0200,76.173,76.167
17.02.2021 16:41:17.559 GMT+0200,76.173,76.157
17.02.2021 16:41:19.993 GMT+0200,76.182,76.168
17.02.2021 16:41:22.232 GMT+0200,76.193,76.167
17.02.2021 16:41:22.282 GMT+0200,76.183,76.167
17.02.2021 16:41:26.954 GMT+0200,76.192,76.178
17.02.2021 16:41:29.973 GMT+0200,76.202,76.178
17.02.2021 16:41:30.023 GMT+0200,76.193,76.177
17.02.2021 16:41:30.232 GMT+0200,76.202,76.178
17.02.2021 16:41:30.333 GMT+0200,76.203,76.187
17.02.2021 16:41:30.499 GMT+0200,76.192,76.178
17.02.2021 16:41:30.650 GMT+0200,76.203,76.177
17.02.2021 16:41:30.751 GMT+0200,76.203,76.187
17.02.2021 16:41:31.433 GMT+0200,76.213,76.197
17.02.2021 16:41:32.488 GMT+0200,76.222,76.198
17.02.2021 16:41:32.844 GMT+0200,76.212,76.198
17.02.2021 16:41:33.407 GMT+0200,76.223,76.197
17.02.2021 16:41:33.563 GMT+0200,76.212,76.198
17.02.2021 16:41:33.943 GMT+0200,76.222,76.198
17.02.2021 16:41:34.043 GMT+0200,76.223,76.207
17.02.2021 16:41:34.910 GMT+0200,76.213,76.197
17.02.2021 16:41:35.181 GMT+0200,76.223,76.197
17.02.2021 16:41:35.344 GMT+0200,76.222,76.208
17.02.2021 16:41:35.715 GMT+0200,76.223,76.197
17.02.2021 16:41:35.765 GMT+0200,76.223,76.207
17.02.2021 16:41:38.551 GMT+0200,76.213,76.197
17.02.2021 16:41:39.178 GMT+0200,76.223,76.197
17.02.2021 16:41:39.228 GMT+0200,76.212,76.198
17.02.2021 16:41:39.279 GMT+0200,76.222,76.198
17.02.2021 16:41:39.398 GMT+0200,76.212,76.198
17.02.2021 16:41:39.448 GMT+0200,76.223,76.197
17.02.2021 16:41:39.994 GMT+0200,76.213,76.197
17.02.2021 16:41:42.137 GMT+0200,76.222,76.208
17.02.2021 16:41:45.798 GMT+0200,76.222,76.218
17.02.2021 16:41:45.849 GMT+0200,76.232,76.218
17.02.2021 16:41:46.163 GMT+0200,76.223,76.217
17.02.2021 16:41:46.213 GMT+0200,76.222,76.208
17.02.2021 16:41:49.529 GMT+0200,76.223,76.197
17.02.2021 16:41:49.684 GMT+0200,76.212,76.198
17.02.2021 16:41:52.738 GMT+0200,76.202,76.188
17.02.2021 16:41:53.696 GMT+0200,76.212,76.198
17.02.2021 16:41:58.495 GMT+0200,76.212,76.208
17.02.2021 16:41:58.545 GMT+0200,76.223,76.207
17.02.2021 16:42:00.391 GMT+0200,76.232,76.208
17.02.2021 16:42:00.442 GMT+0200,76.233,76.217
17.02.2021 16:42:07.805 GMT+0200,76.222,76.218
17.02.2021 16:42:07.856 GMT+0200,76.223,76.207
17.02.2021 16:42:14.161 GMT+0200,76.213,76.207
17.02.2021 16:42:14.211 GMT+0200,76.212,76.198
17.02.2021 16:42:15.257 GMT+0200,76.223,76.207
17.02.2021 16:42:15.654 GMT+0200,76.212,76.198
17.02.2021 16:42:21.446 GMT+0200,76.223,76.207
17.02.2021 16:42:31.726 GMT+0200,76.212,76.198
17.02.2021 16:42:34.861 GMT+0200,76.213,76.207
17.02.2021 16:42:34.912 GMT+0200,76.222,76.208
17.02.2021 16:42:35.500 GMT+0200,76.233,76.207
17.02.2021 16:42:35.551 GMT+0200,76.232,76.218
17.02.2021 16:42:37.069 GMT+0200,76.223,76.217
17.02.2021 16:42:37.119 GMT+0200,76.223,76.207
17.02.2021 16:42:42.858 GMT+0200,76.223,76.217
17.02.2021 16:42:42.909 GMT+0200,76.233,76.217
17.02.2021 16:42:53.623 GMT+0200,76.242,76.228
17.02.2021 16:42:57.117 GMT+0200,76.253,76.237
17.02.2021 16:42:59.595 GMT+0200,76.263,76.247
17.02.2021 16:42:59.846 GMT+0200,76.273,76.257
17.02.2021 16:43:01.096 GMT+0200,76.262,76.248
17.02.2021 16:43:02.155 GMT+0200,76.273,76.257
17.02.2021 16:43:02.691 GMT+0200,76.263,76.247
17.02.2021 16:43:06.074 GMT+0200,76.252,76.238
17.02.2021 16:43:07.525 GMT+0200,76.263,76.237
17.02.2021 16:43:08.247 GMT+0200,76.263,76.247
17.02.2021 16:43:09.760 GMT+0200,76.263,76.257
17.02.2021 16:43:09.811 GMT+0200,76.272,76.258
17.02.2021 16:43:11.338 GMT+0200,76.283,76.257
17.02.2021 16:43:11.910 GMT+0200,76.273,76.257
17.02.2021 16:43:12.405 GMT+0200,76.282,76.268
17.02.2021 16:43:13.783 GMT+0200,76.272,76.258
17.02.2021 16:43:14.080 GMT+0200,76.283,76.257
17.02.2021 16:43:14.209 GMT+0200,76.282,76.268
17.02.2021 16:43:15.597 GMT+0200,76.283,76.277
17.02.2021 16:43:15.647 GMT+0200,76.293,76.277
17.02.2021 16:43:16.207 GMT+0200,76.302,76.288
17.02.2021 16:43:21.565 GMT+0200,76.292,76.278
17.02.2021 16:43:24.252 GMT+0200,76.282,76.278
17.02.2021 16:43:24.302 GMT+0200,76.282,76.268
17.02.2021 16:43:30.453 GMT+0200,76.272,76.258
17.02.2021 16:43:35.960 GMT+0200,76.282,76.268
17.02.2021 16:43:36.335 GMT+0200,76.273,76.267
17.02.2021 16:43:36.385 GMT+0200,76.273,76.257
17.02.2021 16:43:37.404 GMT+0200,76.262,76.248
17.02.2021 16:43:37.773 GMT+0200,76.272,76.248
17.02.2021 16:43:37.824 GMT+0200,76.263,76.247
17.02.2021 16:43:38.749 GMT+0200,76.252,76.248
17.02.2021 16:43:38.799 GMT+0200,76.252,76.238
17.02.2021 16:43:39.142 GMT+0200,76.263,76.237
17.02.2021 16:43:39.311 GMT+0200,76.263,76.247
17.02.2021 16:43:40.599 GMT+0200,76.253,76.237
17.02.2021 16:43:41.284 GMT+0200,76.263,76.237
17.02.2021 16:43:41.334 GMT+0200,76.262,76.248
17.02.2021 16:43:42.338 GMT+0200,76.272,76.248
17.02.2021 16:43:42.478 GMT+0200,76.262,76.248
17.02.2021 16:43:49.102 GMT+0200,76.252,76.238
17.02.2021 16:43:52.044 GMT+0200,76.263,76.247
17.02.2021 16:43:56.922 GMT+0200,76.253,76.237
17.02.2021 16:44:00.282 GMT+0200,76.263,76.247
17.02.2021 16:44:08.802 GMT+0200,76.253,76.237
17.02.2021 16:44:13.275 GMT+0200,76.262,76.238
17.02.2021 16:44:14.217 GMT+0200,76.263,76.247
17.02.2021 16:44:25.345 GMT+0200,76.273,76.257
17.02.2021 16:44:26.003 GMT+0200,76.263,76.247
17.02.2021 16:44:29.873 GMT+0200,76.253,76.237
17.02.2021 16:44:37.138 GMT+0200,76.263,76.237
17.02.2021 16:44:37.239 GMT+0200,76.252,76.238
17.02.2021 16:44:39.122 GMT+0200,76.262,76.248
17.02.2021 16:44:39.876 GMT+0200,76.273,76.247
17.02.2021 16:44:39.927 GMT+0200,76.272,76.258
17.02.2021 16:44:40.208 GMT+0200,76.262,76.248
17.02.2021 16:44:43.153 GMT+0200,76.263,76.257
17.02.2021 16:44:43.203 GMT+0200,76.273,76.257
17.02.2021 16:44:47.076 GMT+0200,76.263,76.247
17.02.2021 16:44:49.325 GMT+0200,76.253,76.237
17.02.2021 16:44:51.829 GMT+0200,76.262,76.238
17.02.2021 16:44:53.573 GMT+0200,76.263,76.247
17.02.2021 16:44:56.513 GMT+0200,76.262,76.258
17.02.2021 16:44:56.563 GMT+0200,76.272,76.258
17.02.2021 16:45:00.120 GMT+0200,76.273,76.247
17.02.2021 16:45:00.250 GMT+0200,76.272,76.258
17.02.2021 16:45:00.571 GMT+0200,76.272,76.248
17.02.2021 16:45:00.621 GMT+0200,76.262,76.248
17.02.2021 16:45:07.277 GMT+0200,76.252,76.238
17.02.2021 16:45:08.281 GMT+0200,76.262,76.248
17.02.2021 16:45:09.010 GMT+0200,76.252,76.238
17.02.2021 16:45:11.471 GMT+0200,76.263,76.247
17.02.2021 16:45:13.562 GMT+0200,76.272,76.248
17.02.2021 16:45:13.612 GMT+0200,76.272,76.258
17.02.2021 16:45:15.499 GMT+0200,76.273,76.247
17.02.2021 16:45:15.554 GMT+0200,76.273,76.257
17.02.2021 16:45:15.705 GMT+0200,76.273,76.247
17.02.2021 16:45:16.299 GMT+0200,76.273,76.257
17.02.2021 16:45:18.163 GMT+0200,76.272,76.248
17.02.2021 16:45:18.213 GMT+0200,76.263,76.247
17.02.2021 16:45:22.327 GMT+0200,76.272,76.248
17.02.2021 16:45:23.354 GMT+0200,76.263,76.247
17.02.2021 16:45:27.591 GMT+0200,76.272,76.248
17.02.2021 16:45:27.642 GMT+0200,76.272,76.258
17.02.2021 16:45:30.283 GMT+0200,76.283,76.267
17.02.2021 16:45:32.152 GMT+0200,76.293,76.267
17.02.2021 16:45:32.353 GMT+0200,76.293,76.277
17.02.2021 16:45:34.881 GMT+0200,76.283,76.267
17.02.2021 16:45:37.447 GMT+0200,76.293,76.267
17.02.2021 16:45:37.914 GMT+0200,76.292,76.278
17.02.2021 16:45:40.916 GMT+0200,76.283,76.267
17.02.2021 16:45:41.017 GMT+0200,76.272,76.258
17.02.2021 16:45:43.263 GMT+0200,76.282,76.268
17.02.2021 16:45:48.570 GMT+0200,76.273,76.257
17.02.2021 16:45:50.269 GMT+0200,76.262,76.248
17.02.2021 16:45:51.066 GMT+0200,76.272,76.258
17.02.2021 16:45:57.242 GMT+0200,76.262,76.258
17.02.2021 16:45:57.292 GMT+0200,76.262,76.248
17.02.2021 16:46:04.839 GMT+0200,76.272,76.258
17.02.2021 16:46:09.339 GMT+0200,76.282,76.258
17.02.2021 16:46:10.087 GMT+0200,76.273,76.257
17.02.2021 16:46:10.651 GMT+0200,76.282,76.258
17.02.2021 16:46:13.008 GMT+0200,76.282,76.268
17.02.2021 16:46:13.721 GMT+0200,76.293,76.267
17.02.2021 16:46:13.772 GMT+0200,76.293,76.277
17.02.2021 16:46:15.419 GMT+0200,76.303,76.287
17.02.2021 16:46:16.423 GMT+0200,76.292,76.278
17.02.2021 16:46:19.002 GMT+0200,76.303,76.287
17.02.2021 16:46:21.668 GMT+0200,76.313,76.297
17.02.2021 16:46:22.379 GMT+0200,76.322,76.308
17.02.2021 16:46:30.774 GMT+0200,76.313,76.297
17.02.2021 16:46:32.473 GMT+0200,76.323,76.297
17.02.2021 16:46:32.728 GMT+0200,76.312,76.298
17.02.2021 16:46:33.698 GMT+0200,76.322,76.308
17.02.2021 16:46:37.099 GMT+0200,76.312,76.298
17.02.2021 16:46:38.114 GMT+0200,76.322,76.298
17.02.2021 16:46:38.775 GMT+0200,76.313,76.297
17.02.2021 16:46:39.150 GMT+0200,76.322,76.308
17.02.2021 16:46:40.280 GMT+0200,76.323,76.297
17.02.2021 16:46:40.330 GMT+0200,76.322,76.308
17.02.2021 16:46:41.654 GMT+0200,76.312,76.298
17.02.2021 16:46:41.962 GMT+0200,76.323,76.307
17.02.2021 16:46:42.199 GMT+0200,76.312,76.298
17.02.2021 16:46:46.234 GMT+0200,76.322,76.298
17.02.2021 16:46:47.763 GMT+0200,76.323,76.307
17.02.2021 16:46:48.007 GMT+0200,76.333,76.307
17.02.2021 16:46:48.108 GMT+0200,76.332,76.318
17.02.2021 16:46:51.102 GMT+0200,76.343,76.327
17.02.2021 16:46:52.243 GMT+0200,76.333,76.317
17.02.2021 16:46:53.171 GMT+0200,76.332,76.308
17.02.2021 16:46:53.607 GMT+0200,76.322,76.308
17.02.2021 16:46:54.840 GMT+0200,76.333,76.307
17.02.2021 16:46:54.890 GMT+0200,76.322,76.308
17.02.2021 16:46:55.602 GMT+0200,76.332,76.308
17.02.2021 16:46:55.653 GMT+0200,76.322,76.308
17.02.2021 16:46:57.198 GMT+0200,76.312,76.298
17.02.2021 16:46:59.474 GMT+0200,76.322,76.298
17.02.2021 16:46:59.524 GMT+0200,76.313,76.297
17.02.2021 16:47:03.537 GMT+0200,76.323,76.307
17.02.2021 16:47:12.304 GMT+0200,76.333,76.317
17.02.2021 16:47:23.524 GMT+0200,76.342,76.318
17.02.2021 16:47:26.187 GMT+0200,76.332,76.318
17.02.2021 16:47:32.743 GMT+0200,76.343,76.317
17.02.2021 16:47:33.960 GMT+0200,76.343,76.327
17.02.2021 16:47:34.942 GMT+0200,76.343,76.317
17.02.2021 16:47:37.811 GMT+0200,76.333,76.317
17.02.2021 16:47:42.500 GMT+0200,76.332,76.328
17.02.2021 16:47:42.550 GMT+0200,76.342,76.328
17.02.2021 16:47:43.220 GMT+0200,76.343,76.317
17.02.2021 16:47:43.270 GMT+0200,76.333,76.317
17.02.2021 16:47:49.765 GMT+0200,76.342,76.328
17.02.2021 16:47:50.248 GMT+0200,76.332,76.318
17.02.2021 16:47:50.597 GMT+0200,76.343,76.317
17.02.2021 16:47:51.153 GMT+0200,76.343,76.327
17.02.2021 16:47:53.104 GMT+0200,76.343,76.317
17.02.2021 16:47:53.636 GMT+0200,76.332,76.318
17.02.2021 16:47:59.976 GMT+0200,76.322,76.308
17.02.2021 16:48:00.921 GMT+0200,76.332,76.318
17.02.2021 16:48:01.062 GMT+0200,76.322,76.318
17.02.2021 16:48:01.113 GMT+0200,76.322,76.308
17.02.2021 16:48:01.531 GMT+0200,76.323,76.317
17.02.2021 16:48:01.582 GMT+0200,76.333,76.317
17.02.2021 16:48:02.130 GMT+0200,76.332,76.308
17.02.2021 16:48:02.181 GMT+0200,76.332,76.318
17.02.2021 16:48:10.566 GMT+0200,76.332,76.328
17.02.2021 16:48:10.616 GMT+0200,76.343,76.327
17.02.2021 16:48:11.481 GMT+0200,76.342,76.318
17.02.2021 16:48:11.531 GMT+0200,76.333,76.317
17.02.2021 16:48:15.039 GMT+0200,76.333,76.327
17.02.2021 16:48:15.089 GMT+0200,76.343,76.327
17.02.2021 16:48:17.250 GMT+0200,76.342,76.318
17.02.2021 16:48:17.565 GMT+0200,76.342,76.328
17.02.2021 16:48:20.175 GMT+0200,76.332,76.328
17.02.2021 16:48:20.226 GMT+0200,76.333,76.317
17.02.2021 16:48:21.109 GMT+0200,76.323,76.307
17.02.2021 16:48:21.412 GMT+0200,76.332,76.308
17.02.2021 16:48:21.637 GMT+0200,76.322,76.308
17.02.2021 16:48:21.941 GMT+0200,76.333,76.307
17.02.2021 16:48:22.727 GMT+0200,76.332,76.318
17.02.2021 16:48:29.015 GMT+0200,76.343,76.327
17.02.2021 16:48:30.302 GMT+0200,76.332,76.318
17.02.2021 16:48:30.474 GMT+0200,76.333,76.327
17.02.2021 16:48:30.525 GMT+0200,76.342,76.328
17.02.2021 16:48:30.625 GMT+0200,76.343,76.317
17.02.2021 16:48:30.676 GMT+0200,76.332,76.318
17.02.2021 16:48:31.258 GMT+0200,76.342,76.318
17.02.2021 16:48:31.565 GMT+0200,76.332,76.318
17.02.2021 16:48:33.537 GMT+0200,76.342,76.318
17.02.2021 16:48:34.313 GMT+0200,76.343,76.327
17.02.2021 16:48:38.005 GMT+0200,76.333,76.317
17.02.2021 16:48:39.359 GMT+0200,76.343,76.327
17.02.2021 16:48:40.097 GMT+0200,76.333,76.327
17.02.2021 16:48:40.147 GMT+0200,76.332,76.318
17.02.2021 16:48:40.489 GMT+0200,76.343,76.327
17.02.2021 16:48:41.357 GMT+0200,76.342,76.318
17.02.2021 16:48:41.467 GMT+0200,76.342,76.328
17.02.2021 16:48:41.779 GMT+0200,76.332,76.318
17.02.2021 16:48:44.230 GMT+0200,76.343,76.317
17.02.2021 16:48:44.280 GMT+0200,76.343,76.327
17.02.2021 16:48:45.360 GMT+0200,76.342,76.318
17.02.2021 16:48:45.412 GMT+0200,76.342,76.328
17.02.2021 16:48:54.892 GMT+0200,76.342,76.338
17.02.2021 16:48:54.943 GMT+0200,76.352,76.338
17.02.2021 16:48:55.752 GMT+0200,76.342,76.328
17.02.2021 16:48:55.945 GMT+0200,76.353,76.337
17.02.2021 16:49:00.550 GMT+0200,76.343,76.327
17.02.2021 16:49:03.182 GMT+0200,76.353,76.327
17.02.2021 16:49:03.350 GMT+0200,76.352,76.338
17.02.2021 16:49:08.914 GMT+0200,76.353,76.327
17.02.2021 16:49:09.426 GMT+0200,76.352,76.338
17.02.2021 16:49:09.986 GMT+0200,76.353,76.327
17.02.2021 16:49:11.001 GMT+0200,76.343,76.327
17.02.2021 16:49:12.622 GMT+0200,76.332,76.318
17.02.2021 16:49:16.241 GMT+0200,76.343,76.327
17.02.2021 16:49:16.745 GMT+0200,76.342,76.318
17.02.2021 16:49:16.795 GMT+0200,76.343,76.327
17.02.2021 16:49:18.231 GMT+0200,76.333,76.317
17.02.2021 16:49:20.633 GMT+0200,76.343,76.327
17.02.2021 16:49:21.804 GMT+0200,76.332,76.318
17.02.2021 16:49:21.956 GMT+0200,76.342,76.318
17.02.2021 16:49:22.156 GMT+0200,76.343,76.327
17.02.2021 16:49:25.111 GMT+0200,76.353,76.337
17.02.2021 16:49:27.001 GMT+0200,76.343,76.327
17.02.2021 16:49:27.259 GMT+0200,76.353,76.327
17.02.2021 16:49:27.309 GMT+0200,76.352,76.338
17.02.2021 16:49:27.773 GMT+0200,76.342,76.328
17.02.2021 16:49:28.943 GMT+0200,76.352,76.338
17.02.2021 16:49:31.686 GMT+0200,76.352,76.328
17.02.2021 16:49:32.012 GMT+0200,76.353,76.337
17.02.2021 16:49:33.362 GMT+0200,76.353,76.327
17.02.2021 16:49:33.412 GMT+0200,76.342,76.328
17.02.2021 16:49:36.101 GMT+0200,76.352,76.328
17.02.2021 16:49:36.624 GMT+0200,76.343,76.327
17.02.2021 16:49:36.875 GMT+0200,76.352,76.328
17.02.2021 16:49:37.135 GMT+0200,76.352,76.338
17.02.2021 16:49:40.131 GMT+0200,76.342,76.328
17.02.2021 16:50:00.351 GMT+0200,76.352,76.328
17.02.2021 16:50:01.242 GMT+0200,76.342,76.328
17.02.2021 16:50:01.392 GMT+0200,76.352,76.328
17.02.2021 16:50:02.779 GMT+0200,76.352,76.338
17.02.2021 16:50:05.516 GMT+0200,76.352,76.348
17.02.2021 16:50:05.566 GMT+0200,76.363,76.347
17.02.2021 16:50:07.429 GMT+0200,76.373,76.357
17.02.2021 16:50:07.893 GMT+0200,76.362,76.348
17.02.2021 16:50:10.756 GMT+0200,76.363,76.337
17.02.2021 16:50:11.160 GMT+0200,76.363,76.347
17.02.2021 16:50:18.569 GMT+0200,76.372,76.358
17.02.2021 16:50:18.870 GMT+0200,76.382,76.368
17.02.2021 16:50:21.481 GMT+0200,76.393,76.377
17.02.2021 16:50:26.167 GMT+0200,76.383,76.367
17.02.2021 16:50:27.564 GMT+0200,76.392,76.368
17.02.2021 16:50:27.622 GMT+0200,76.383,76.367
17.02.2021 16:50:29.908 GMT+0200,76.373,76.357
17.02.2021 16:50:33.928 GMT+0200,76.373,76.347
17.02.2021 16:50:33.978 GMT+0200,76.363,76.347
17.02.2021 16:50:34.802 GMT+0200,76.373,76.347
17.02.2021 16:50:34.982 GMT+0200,76.372,76.358
17.02.2021 16:50:35.319 GMT+0200,76.373,76.347
17.02.2021 16:50:35.762 GMT+0200,76.372,76.358
17.02.2021 16:50:38.327 GMT+0200,76.383,76.367
17.02.2021 16:50:39.023 GMT+0200,76.382,76.358
17.02.2021 16:50:39.073 GMT+0200,76.373,76.357
17.02.2021 16:50:39.626 GMT+0200,76.382,76.358
17.02.2021 16:50:39.763 GMT+0200,76.373,76.357
17.02.2021 16:50:42.249 GMT+0200,76.382,76.368
17.02.2021 16:50:45.632 GMT+0200,76.382,76.358
17.02.2021 16:50:46.077 GMT+0200,76.382,76.368
17.02.2021 16:50:46.607 GMT+0200,76.383,76.357
17.02.2021 16:50:46.708 GMT+0200,76.372,76.358
17.02.2021 16:50:53.794 GMT+0200,76.383,76.357
17.02.2021 16:50:53.844 GMT+0200,76.372,76.358
17.02.2021 16:50:53.945 GMT+0200,76.382,76.368
17.02.2021 16:50:55.697 GMT+0200,76.382,76.358
17.02.2021 16:50:55.747 GMT+0200,76.383,76.367
17.02.2021 16:50:59.292 GMT+0200,76.393,76.377
17.02.2021 16:51:03.244 GMT+0200,76.382,76.368
17.02.2021 16:51:05.158 GMT+0200,76.373,76.357
17.02.2021 16:51:05.458 GMT+0200,76.382,76.358
17.02.2021 16:51:05.509 GMT+0200,76.382,76.368
17.02.2021 16:51:05.839 GMT+0200,76.392,76.378
17.02.2021 16:51:05.971 GMT+0200,76.412,76.388
17.02.2021 16:51:06.072 GMT+0200,76.422,76.388
17.02.2021 16:51:06.122 GMT+0200,76.412,76.398
17.02.2021 16:51:06.574 GMT+0200,76.422,76.408
17.02.2021 16:51:08.278 GMT+0200,76.422,76.398
17.02.2021 16:51:08.462 GMT+0200,76.412,76.398
17.02.2021 16:51:09.086 GMT+0200,76.413,76.387
17.02.2021 16:51:09.201 GMT+0200,76.412,76.398
17.02.2021 16:51:10.181 GMT+0200,76.402,76.388
17.02.2021 16:51:12.219 GMT+0200,76.412,76.388
17.02.2021 16:51:12.269 GMT+0200,76.413,76.397
17.02.2021 16:51:13.640 GMT+0200,76.423,76.397
17.02.2021 16:51:13.990 GMT+0200,76.423,76.407
17.02.2021 16:51:14.608 GMT+0200,76.413,76.397
17.02.2021 16:51:17.039 GMT+0200,76.402,76.398
17.02.2021 16:51:17.089 GMT+0200,76.402,76.388
17.02.2021 16:51:18.235 GMT+0200,76.402,76.378
17.02.2021 16:51:18.433 GMT+0200,76.403,76.387
17.02.2021 16:51:21.033 GMT+0200,76.393,76.377
17.02.2021 16:51:26.536 GMT+0200,76.402,76.378
17.02.2021 16:51:26.763 GMT+0200,76.402,76.388
17.02.2021 16:51:31.103 GMT+0200,76.403,76.377
17.02.2021 16:51:31.153 GMT+0200,76.393,76.377
17.02.2021 16:51:31.370 GMT+0200,76.403,76.387
17.02.2021 16:51:33.278 GMT+0200,76.392,76.378
17.02.2021 16:51:41.889 GMT+0200,76.402,76.388
17.02.2021 16:51:42.799 GMT+0200,76.392,76.388
17.02.2021 16:51:42.850 GMT+0200,76.392,76.378
17.02.2021 16:51:44.522 GMT+0200,76.403,76.387
17.02.2021 16:51:49.010 GMT+0200,76.403,76.377
17.02.2021 16:51:49.061 GMT+0200,76.392,76.378
17.02.2021 16:51:58.064 GMT+0200,76.403,76.377
17.02.2021 16:51:59.414 GMT+0200,76.403,76.387
17.02.2021 16:52:00.816 GMT+0200,76.413,76.397
17.02.2021 16:52:01.067 GMT+0200,76.403,76.387
17.02.2021 16:52:01.217 GMT+0200,76.412,76.398
17.02.2021 16:52:01.268 GMT+0200,76.413,76.387
17.02.2021 16:52:01.330 GMT+0200,76.412,76.398
17.02.2021 16:52:02.735 GMT+0200,76.412,76.388
17.02.2021 16:52:02.785 GMT+0200,76.413,76.397
17.02.2021 16:52:03.073 GMT+0200,76.402,76.388
17.02.2021 16:52:04.659 GMT+0200,76.403,76.377
17.02.2021 16:52:04.709 GMT+0200,76.403,76.387
17.02.2021 16:52:04.760 GMT+0200,76.402,76.378
17.02.2021 16:52:04.971 GMT+0200,76.403,76.387
17.02.2021 16:52:05.022 GMT+0200,76.402,76.378
17.02.2021 16:52:05.072 GMT+0200,76.392,76.378
17.02.2021 16:52:05.374 GMT+0200,76.403,76.387
17.02.2021 16:52:05.528 GMT+0200,76.402,76.378
17.02.2021 16:52:05.578 GMT+0200,76.393,76.377
17.02.2021 16:52:14.736 GMT+0200,76.393,76.367
17.02.2021 16:52:15.189 GMT+0200,76.392,76.378
17.02.2021 16:52:15.622 GMT+0200,76.392,76.368
17.02.2021 16:52:17.019 GMT+0200,76.383,76.367
17.02.2021 16:52:17.576 GMT+0200,76.383,76.357
17.02.2021 16:52:17.665 GMT+0200,76.382,76.368
17.02.2021 16:52:17.816 GMT+0200,76.373,76.357
17.02.2021 16:52:23.097 GMT+0200,76.373,76.367
17.02.2021 16:52:23.147 GMT+0200,76.383,76.367
17.02.2021 16:52:25.100 GMT+0200,76.392,76.368
17.02.2021 16:52:26.084 GMT+0200,76.393,76.377
17.02.2021 16:52:26.645 GMT+0200,76.392,76.368
17.02.2021 16:52:26.729 GMT+0200,76.393,76.377
17.02.2021 16:52:27.089 GMT+0200,76.383,76.367
17.02.2021 16:52:27.601 GMT+0200,76.393,76.367
17.02.2021 16:52:28.907 GMT+0200,76.383,76.367
17.02.2021 16:52:34.579 GMT+0200,76.392,76.368
17.02.2021 16:52:34.868 GMT+0200,76.383,76.367
17.02.2021 16:52:35.102 GMT+0200,76.392,76.378
17.02.2021 16:52:35.312 GMT+0200,76.383,76.367
17.02.2021 16:52:40.107 GMT+0200,76.382,76.358
17.02.2021 16:52:40.933 GMT+0200,76.382,76.368
17.02.2021 16:52:41.963 GMT+0200,76.392,76.378
17.02.2021 16:52:45.697 GMT+0200,76.393,76.367
17.02.2021 16:52:45.747 GMT+0200,76.392,76.378
17.02.2021 16:52:46.104 GMT+0200,76.393,76.367
17.02.2021 16:52:46.274 GMT+0200,76.393,76.377
17.02.2021 16:52:46.475 GMT+0200,76.383,76.367
17.02.2021 16:52:52.975 GMT+0200,76.392,76.378
17.02.2021 16:53:00.338 GMT+0200,76.382,76.368
17.02.2021 16:53:01.706 GMT+0200,76.393,76.367
17.02.2021 16:53:02.081 GMT+0200,76.383,76.367
17.02.2021 16:53:16.877 GMT+0200,76.383,76.357
17.02.2021 16:53:17.028 GMT+0200,76.373,76.357
17.02.2021 16:53:18.657 GMT+0200,76.382,76.358
17.02.2021 16:53:18.708 GMT+0200,76.382,76.368
17.02.2021 16:53:18.865 GMT+0200,76.383,76.357
17.02.2021 16:53:19.031 GMT+0200,76.382,76.368
17.02.2021 16:53:19.232 GMT+0200,76.382,76.358
17.02.2021 16:53:19.282 GMT+0200,76.383,76.367
17.02.2021 16:53:19.526 GMT+0200,76.383,76.357
17.02.2021 16:53:19.677 GMT+0200,76.372,76.358
17.02.2021 16:53:24.202 GMT+0200,76.383,76.367
17.02.2021 16:53:24.591 GMT+0200,76.372,76.358
17.02.2021 16:53:25.292 GMT+0200,76.382,76.368
17.02.2021 16:53:25.505 GMT+0200,76.382,76.358
17.02.2021 16:53:25.776 GMT+0200,76.383,76.367
17.02.2021 16:53:25.927 GMT+0200,76.382,76.358
17.02.2021 16:53:26.146 GMT+0200,76.382,76.368
17.02.2021 16:53:27.580 GMT+0200,76.383,76.357
17.02.2021 16:53:27.790 GMT+0200,76.382,76.368
17.02.2021 16:53:27.956 GMT+0200,76.383,76.357
17.02.2021 16:53:28.108 GMT+0200,76.383,76.367
17.02.2021 16:53:28.248 GMT+0200,76.382,76.358
17.02.2021 16:53:28.299 GMT+0200,76.383,76.367
17.02.2021 16:53:28.349 GMT+0200,76.382,76.358
17.02.2021 16:53:28.877 GMT+0200,76.382,76.368
17.02.2021 16:53:29.445 GMT+0200,76.382,76.358
17.02.2021 16:53:29.495 GMT+0200,76.382,76.368
17.02.2021 16:53:33.504 GMT+0200,76.383,76.357
17.02.2021 16:53:33.661 GMT+0200,76.383,76.367
17.02.2021 16:53:37.912 GMT+0200,76.383,76.357
17.02.2021 16:53:38.111 GMT+0200,76.372,76.358
17.02.2021 16:53:41.895 GMT+0200,76.372,76.368
17.02.2021 16:53:41.945 GMT+0200,76.383,76.367
17.02.2021 16:53:44.225 GMT+0200,76.382,76.358
17.02.2021 16:53:44.437 GMT+0200,76.372,76.358
17.02.2021 16:53:44.826 GMT+0200,76.373,76.367
17.02.2021 16:53:44.876 GMT+0200,76.382,76.368
17.02.2021 16:53:45.197 GMT+0200,76.383,76.357
17.02.2021 16:53:45.340 GMT+0200,76.383,76.367
17.02.2021 16:53:45.837 GMT+0200,76.372,76.358
17.02.2021 16:53:56.304 GMT+0200,76.383,76.367
17.02.2021 16:53:57.038 GMT+0200,76.393,76.377
17.02.2021 16:54:07.877 GMT+0200,76.383,76.367
17.02.2021 16:54:15.152 GMT+0200,76.372,76.358
17.02.2021 16:54:16.320 GMT+0200,76.383,76.367
17.02.2021 16:54:18.784 GMT+0200,76.373,76.367
17.02.2021 16:54:18.834 GMT+0200,76.372,76.358
17.02.2021 16:54:28.091 GMT+0200,76.383,76.367
17.02.2021 16:54:30.654 GMT+0200,76.373,76.357
17.02.2021 16:54:44.914 GMT+0200,76.382,76.358
17.02.2021 16:54:45.471 GMT+0200,76.382,76.368
17.02.2021 16:54:46.877 GMT+0200,76.373,76.357
17.02.2021 16:54:51.019 GMT+0200,76.373,76.347
17.02.2021 16:54:51.069 GMT+0200,76.363,76.347
17.02.2021 16:54:53.062 GMT+0200,76.373,76.347
17.02.2021 16:54:54.429 GMT+0200,76.373,76.357
17.02.2021 16:55:03.045 GMT+0200,76.383,76.367
17.02.2021 16:55:03.953 GMT+0200,76.372,76.358
17.02.2021 16:55:04.670 GMT+0200,76.383,76.357
17.02.2021 16:55:05.042 GMT+0200,76.382,76.368
17.02.2021 16:55:06.508 GMT+0200,76.372,76.358
17.02.2021 16:55:11.449 GMT+0200,76.383,76.367
17.02.2021 16:55:13.120 GMT+0200,76.392,76.368
17.02.2021 16:55:14.088 GMT+0200,76.392,76.378
17.02.2021 16:55:15.454 GMT+0200,76.382,76.368
17.02.2021 16:55:15.902 GMT+0200,76.392,76.378
17.02.2021 16:55:16.103 GMT+0200,76.393,76.367
17.02.2021 16:55:16.360 GMT+0200,76.392,76.378
17.02.2021 16:55:16.536 GMT+0200,76.383,76.367
17.02.2021 16:55:16.958 GMT+0200,76.393,76.367
17.02.2021 16:55:18.320 GMT+0200,76.382,76.368
17.02.2021 16:55:18.509 GMT+0200,76.393,76.367
17.02.2021 16:55:19.032 GMT+0200,76.393,76.377
17.02.2021 16:55:20.303 GMT+0200,76.402,76.378
17.02.2021 16:55:20.431 GMT+0200,76.403,76.387
17.02.2021 16:55:20.632 GMT+0200,76.403,76.377
17.02.2021 16:55:20.708 GMT+0200,76.402,76.388
17.02.2021 16:55:20.909 GMT+0200,76.402,76.378
17.02.2021 16:55:20.959 GMT+0200,76.392,76.378
17.02.2021 16:55:31.756 GMT+0200,76.383,76.377
17.02.2021 16:55:31.807 GMT+0200,76.383,76.367
17.02.2021 16:55:33.381 GMT+0200,76.392,76.378
17.02.2021 16:55:33.431 GMT+0200,76.392,76.368
17.02.2021 16:55:33.482 GMT+0200,76.383,76.367
17.02.2021 16:55:37.783 GMT+0200,76.393,76.377
17.02.2021 16:55:59.232 GMT+0200,76.382,76.368
17.02.2021 16:55:59.513 GMT+0200,76.392,76.368
17.02.2021 16:55:59.563 GMT+0200,76.393,76.377
17.02.2021 16:56:00.743 GMT+0200,76.383,76.367
17.02.2021 16:56:01.411 GMT+0200,76.393,76.367
17.02.2021 16:56:01.462 GMT+0200,76.393,76.377
17.02.2021 16:56:11.410 GMT+0200,76.382,76.368
17.02.2021 16:56:20.122 GMT+0200,76.372,76.358
17.02.2021 16:56:24.115 GMT+0200,76.382,76.368
17.02.2021 16:56:24.165 GMT+0200,76.383,76.357
17.02.2021 16:56:24.316 GMT+0200,76.372,76.358
17.02.2021 16:56:25.722 GMT+0200,76.382,76.358
17.02.2021 16:56:25.772 GMT+0200,76.383,76.367
17.02.2021 16:56:27.267 GMT+0200,76.372,76.358
17.02.2021 16:56:30.732 GMT+0200,76.382,76.368
17.02.2021 16:56:31.663 GMT+0200,76.392,76.368
17.02.2021 16:56:31.864 GMT+0200,76.383,76.367
17.02.2021 16:56:35.648 GMT+0200,76.373,76.357
17.02.2021 16:56:54.725 GMT+0200,76.382,76.368
17.02.2021 16:57:03.964 GMT+0200,76.393,76.377
17.02.2021 16:57:06.352 GMT+0200,76.393,76.367
17.02.2021 16:57:06.846 GMT+0200,76.382,76.368
17.02.2021 16:57:11.446 GMT+0200,76.392,76.378
17.02.2021 16:57:14.870 GMT+0200,76.383,76.367
17.02.2021 16:57:19.887 GMT+0200,76.372,76.358
17.02.2021 16:57:35.135 GMT+0200,76.362,76.348
17.02.2021 16:57:37.956 GMT+0200,76.372,76.348
17.02.2021 16:57:38.704 GMT+0200,76.373,76.357
17.02.2021 16:57:39.190 GMT+0200,76.372,76.348
17.02.2021 16:57:39.291 GMT+0200,76.372,76.358
17.02.2021 16:57:46.713 GMT+0200,76.383,76.367
17.02.2021 16:57:47.984 GMT+0200,76.382,76.358
17.02.2021 16:57:48.876 GMT+0200,76.372,76.358
17.02.2021 16:58:07.424 GMT+0200,76.362,76.358
17.02.2021 16:58:07.474 GMT+0200,76.363,76.347
17.02.2021 16:58:16.871 GMT+0200,76.353,76.337
17.02.2021 16:58:34.682 GMT+0200,76.342,76.328
17.02.2021 16:58:34.955 GMT+0200,76.352,76.328
17.02.2021 16:58:35.118 GMT+0200,76.352,76.338
17.02.2021 16:58:35.169 GMT+0200,76.352,76.328
17.02.2021 16:58:35.370 GMT+0200,76.353,76.337
17.02.2021 16:58:35.420 GMT+0200,76.352,76.328
17.02.2021 16:58:35.471 GMT+0200,76.342,76.328
17.02.2021 16:58:47.665 GMT+0200,76.332,76.318
17.02.2021 16:58:50.867 GMT+0200,76.343,76.317
17.02.2021 16:58:50.918 GMT+0200,76.333,76.317
17.02.2021 16:58:51.090 GMT+0200,76.342,76.318
17.02.2021 16:58:51.820 GMT+0200,76.332,76.318
17.02.2021 16:59:01.385 GMT+0200,76.333,76.327
17.02.2021 16:59:01.435 GMT+0200,76.342,76.328
17.02.2021 16:59:02.039 GMT+0200,76.343,76.317
17.02.2021 16:59:02.089 GMT+0200,76.332,76.318
17.02.2021 16:59:02.449 GMT+0200,76.342,76.318
17.02.2021 16:59:02.499 GMT+0200,76.333,76.317
17.02.2021 16:59:05.303 GMT+0200,76.343,76.327
17.02.2021 16:59:05.589 GMT+0200,76.343,76.317
17.02.2021 16:59:05.778 GMT+0200,76.343,76.327
17.02.2021 16:59:07.264 GMT+0200,76.333,76.317
17.02.2021 16:59:09.248 GMT+0200,76.343,76.317
17.02.2021 16:59:09.617 GMT+0200,76.342,76.328
17.02.2021 16:59:10.528 GMT+0200,76.333,76.317
17.02.2021 16:59:11.338 GMT+0200,76.342,76.318
17.02.2021 16:59:12.177 GMT+0200,76.342,76.328
17.02.2021 16:59:12.239 GMT+0200,76.342,76.318
17.02.2021 16:59:12.339 GMT+0200,76.343,76.327
17.02.2021 16:59:23.201 GMT+0200,76.353,76.337
17.02.2021 16:59:30.531 GMT+0200,76.342,76.338
17.02.2021 16:59:30.582 GMT+0200,76.343,76.327
17.02.2021 16:59:35.019 GMT+0200,76.332,76.318
17.02.2021 16:59:40.341 GMT+0200,76.343,76.327
17.02.2021 16:59:55.177 GMT+0200,76.332,76.318
17.02.2021 16:59:59.970 GMT+0200,76.332,76.308
17.02.2021 17:00:00.254 GMT+0200,76.322,76.308
17.02.2021 17:00:03.145 GMT+0200,76.323,76.317
17.02.2021 17:00:03.195 GMT+0200,76.333,76.317
17.02.2021 17:00:03.246 GMT+0200,76.332,76.308
17.02.2021 17:00:03.668 GMT+0200,76.332,76.318
17.02.2021 17:00:06.624 GMT+0200,76.343,76.317
17.02.2021 17:00:06.736 GMT+0200,76.332,76.318
17.02.2021 17:00:08.875 GMT+0200,76.343,76.317
17.02.2021 17:00:08.926 GMT+0200,76.333,76.317
17.02.2021 17:00:15.344 GMT+0200,76.343,76.317
17.02.2021 17:00:15.670 GMT+0200,76.332,76.318
17.02.2021 17:00:26.759 GMT+0200,76.343,76.327
17.02.2021 17:00:26.967 GMT+0200,76.333,76.317
17.02.2021 17:00:27.249 GMT+0200,76.342,76.318
17.02.2021 17:00:27.670 GMT+0200,76.343,76.327
17.02.2021 17:00:30.279 GMT+0200,76.353,76.327
17.02.2021 17:00:30.718 GMT+0200,76.343,76.327
17.02.2021 17:00:31.689 GMT+0200,76.352,76.328
17.02.2021 17:00:31.739 GMT+0200,76.353,76.337
17.02.2021 17:00:32.672 GMT+0200,76.343,76.327
17.02.2021 17:00:37.031 GMT+0200,76.352,76.338
17.02.2021 17:00:40.584 GMT+0200,76.363,76.347
17.02.2021 17:00:42.253 GMT+0200,76.373,76.357
17.02.2021 17:00:43.112 GMT+0200,76.363,76.347
17.02.2021 17:00:45.786 GMT+0200,76.372,76.358
17.02.2021 17:00:46.223 GMT+0200,76.362,76.358
17.02.2021 17:00:46.273 GMT+0200,76.363,76.347
17.02.2021 17:00:50.107 GMT+0200,76.372,76.348
17.02.2021 17:00:50.157 GMT+0200,76.372,76.358
17.02.2021 17:00:50.710 GMT+0200,76.372,76.348
17.02.2021 17:00:50.881 GMT+0200,76.363,76.347
17.02.2021 17:00:51.833 GMT+0200,76.363,76.357
17.02.2021 17:00:51.883 GMT+0200,76.372,76.358
17.02.2021 17:00:53.501 GMT+0200,76.372,76.348
17.02.2021 17:00:53.567 GMT+0200,76.373,76.357
17.02.2021 17:00:53.718 GMT+0200,76.373,76.347
17.02.2021 17:00:53.963 GMT+0200,76.373,76.357
17.02.2021 17:00:54.728 GMT+0200,76.373,76.347
17.02.2021 17:00:55.060 GMT+0200,76.373,76.357
17.02.2021 17:00:56.920 GMT+0200,76.363,76.347
17.02.2021 17:01:07.858 GMT+0200,76.363,76.337
17.02.2021 17:01:08.009 GMT+0200,76.352,76.338
17.02.2021 17:01:15.233 GMT+0200,76.362,76.338
17.02.2021 17:01:15.393 GMT+0200,76.352,76.338
17.02.2021 17:01:19.282 GMT+0200,76.362,76.338
17.02.2021 17:01:19.333 GMT+0200,76.362,76.348
17.02.2021 17:01:27.700 GMT+0200,76.372,76.348
17.02.2021 17:01:27.964 GMT+0200,76.372,76.358
17.02.2021 17:01:28.065 GMT+0200,76.372,76.348
17.02.2021 17:01:28.115 GMT+0200,76.372,76.358
17.02.2021 17:01:28.418 GMT+0200,76.372,76.348
17.02.2021 17:01:28.655 GMT+0200,76.373,76.357
17.02.2021 17:01:28.920 GMT+0200,76.372,76.348
17.02.2021 17:01:29.383 GMT+0200,76.373,76.357
17.02.2021 17:01:31.374 GMT+0200,76.383,76.367
17.02.2021 17:01:36.108 GMT+0200,76.382,76.358
17.02.2021 17:01:36.463 GMT+0200,76.382,76.368
17.02.2021 17:01:37.632 GMT+0200,76.383,76.357
17.02.2021 17:01:37.682 GMT+0200,76.382,76.368
17.02.2021 17:01:43.210 GMT+0200,76.372,76.358
17.02.2021 17:01:47.581 GMT+0200,76.362,76.358
17.02.2021 17:01:47.632 GMT+0200,76.363,76.347
17.02.2021 17:01:50.086 GMT+0200,76.363,76.357
17.02.2021 17:01:50.136 GMT+0200,76.373,76.357
17.02.2021 17:01:56.147 GMT+0200,76.362,76.348
17.02.2021 17:01:57.632 GMT+0200,76.362,76.358
17.02.2021 17:01:57.682 GMT+0200,76.373,76.357
17.02.2021 17:01:57.934 GMT+0200,76.372,76.348
17.02.2021 17:01:58.034 GMT+0200,76.362,76.348
17.02.2021 17:02:05.367 GMT+0200,76.352,76.338
17.02.2021 17:02:05.669 GMT+0200,76.353,76.327
17.02.2021 17:02:05.719 GMT+0200,76.343,76.327
17.02.2021 17:02:07.103 GMT+0200,76.352,76.338
17.02.2021 17:02:09.844 GMT+0200,76.363,76.347
17.02.2021 17:02:09.894 GMT+0200,76.362,76.338
17.02.2021 17:02:09.944 GMT+0200,76.363,76.347
17.02.2021 17:02:13.263 GMT+0200,76.372,76.358
17.02.2021 17:02:15.500 GMT+0200,76.373,76.367
17.02.2021 17:02:15.550 GMT+0200,76.383,76.367
17.02.2021 17:02:15.673 GMT+0200,76.382,76.358
17.02.2021 17:02:15.792 GMT+0200,76.372,76.358
17.02.2021 17:02:18.640 GMT+0200,76.372,76.348
17.02.2021 17:02:18.791 GMT+0200,76.362,76.348
17.02.2021 17:02:20.867 GMT+0200,76.362,76.338
17.02.2021 17:02:20.917 GMT+0200,76.362,76.348
17.02.2021 17:02:22.183 GMT+0200,76.362,76.338
17.02.2021 17:02:22.370 GMT+0200,76.362,76.348
17.02.2021 17:02:23.907 GMT+0200,76.363,76.337
17.02.2021 17:02:24.008 GMT+0200,76.353,76.337
17.02.2021 17:02:31.665 GMT+0200,76.343,76.327
17.02.2021 17:02:32.169 GMT+0200,76.352,76.328
17.02.2021 17:02:32.298 GMT+0200,76.353,76.337
17.02.2021 17:02:32.848 GMT+0200,76.353,76.327
17.02.2021 17:02:32.898 GMT+0200,76.352,76.338
17.02.2021 17:02:32.999 GMT+0200,76.343,76.327
17.02.2021 17:02:34.172 GMT+0200,76.353,76.327
17.02.2021 17:02:34.222 GMT+0200,76.353,76.337
17.02.2021 17:02:41.300 GMT+0200,76.363,76.347
17.02.2021 17:02:42.266 GMT+0200,76.363,76.337
17.02.2021 17:02:42.334 GMT+0200,76.352,76.338
17.02.2021 17:03:02.130 GMT+0200,76.343,76.327
17.02.2021 17:03:06.635 GMT+0200,76.333,76.317
17.02.2021 17:03:21.653 GMT+0200,76.323,76.317
17.02.2021 17:03:21.703 GMT+0200,76.323,76.307
17.02.2021 17:03:27.053 GMT+0200,76.333,76.317
17.02.2021 17:03:28.631 GMT+0200,76.332,76.308
17.02.2021 17:03:28.681 GMT+0200,76.323,76.307
17.02.2021 17:03:40.856 GMT+0200,76.313,76.297
17.02.2021 17:03:44.751 GMT+0200,76.322,76.308
17.02.2021 17:03:51.868 GMT+0200,76.323,76.297
17.02.2021 17:03:51.919 GMT+0200,76.322,76.308
17.02.2021 17:03:51.969 GMT+0200,76.323,76.297
17.02.2021 17:03:52.612 GMT+0200,76.313,76.297
17.02.2021 17:03:58.905 GMT+0200,76.322,76.298
17.02.2021 17:03:58.955 GMT+0200,76.323,76.307
17.02.2021 17:03:59.077 GMT+0200,76.322,76.298
17.02.2021 17:03:59.514 GMT+0200,76.322,76.308
17.02.2021 17:04:01.025 GMT+0200,76.332,76.308
17.02.2021 17:04:01.076 GMT+0200,76.322,76.308
17.02.2021 17:04:01.677 GMT+0200,76.323,76.297
17.02.2021 17:04:01.727 GMT+0200,76.323,76.307
17.02.2021 17:04:01.914 GMT+0200,76.323,76.297
17.02.2021 17:04:02.117 GMT+0200,76.323,76.307
17.02.2021 17:04:03.085 GMT+0200,76.323,76.297
17.02.2021 17:04:03.286 GMT+0200,76.322,76.308
17.02.2021 17:04:04.410 GMT+0200,76.322,76.298
17.02.2021 17:04:05.682 GMT+0200,76.312,76.298
17.02.2021 17:04:05.891 GMT+0200,76.322,76.308
17.02.2021 17:04:06.761 GMT+0200,76.312,76.298
17.02.2021 17:04:08.280 GMT+0200,76.322,76.298
17.02.2021 17:04:08.402 GMT+0200,76.323,76.307
17.02.2021 17:04:08.876 GMT+0200,76.312,76.298
17.02.2021 17:04:09.962 GMT+0200,76.312,76.288
17.02.2021 17:04:10.553 GMT+0200,76.312,76.298
17.02.2021 17:04:13.013 GMT+0200,76.322,76.308
17.02.2021 17:04:13.927 GMT+0200,76.332,76.318
17.02.2021 17:04:13.977 GMT+0200,76.333,76.307
17.02.2021 17:04:14.028 GMT+0200,76.332,76.318
17.02.2021 17:04:18.408 GMT+0200,76.343,76.327
17.02.2021 17:04:18.559 GMT+0200,76.342,76.318
17.02.2021 17:04:18.721 GMT+0200,76.333,76.317
17.02.2021 17:04:18.972 GMT+0200,76.343,76.317
17.02.2021 17:04:19.060 GMT+0200,76.333,76.317
17.02.2021 17:04:19.562 GMT+0200,76.332,76.328
17.02.2021 17:04:19.612 GMT+0200,76.343,76.327
17.02.2021 17:04:22.286 GMT+0200,76.342,76.318
17.02.2021 17:04:22.387 GMT+0200,76.333,76.317
17.02.2021 17:04:28.251 GMT+0200,76.333,76.327
17.02.2021 17:04:28.301 GMT+0200,76.343,76.327
17.02.2021 17:04:32.423 GMT+0200,76.342,76.318
17.02.2021 17:04:32.686 GMT+0200,76.333,76.317
17.02.2021 17:04:34.884 GMT+0200,76.343,76.317
17.02.2021 17:04:34.934 GMT+0200,76.342,76.328
17.02.2021 17:04:39.325 GMT+0200,76.353,76.327
17.02.2021 17:04:40.804 GMT+0200,76.353,76.337
17.02.2021 17:04:43.106 GMT+0200,76.342,76.328
17.02.2021 17:04:46.299 GMT+0200,76.332,76.318
17.02.2021 17:04:48.539 GMT+0200,76.323,76.307
17.02.2021 17:04:50.738 GMT+0200,76.312,76.298
17.02.2021 17:04:53.305 GMT+0200,76.302,76.288
17.02.2021 17:04:55.895 GMT+0200,76.293,76.287
17.02.2021 17:04:55.945 GMT+0200,76.292,76.278
17.02.2021 17:04:56.490 GMT+0200,76.303,76.277
17.02.2021 17:04:56.994 GMT+0200,76.303,76.287
17.02.2021 17:05:01.366 GMT+0200,76.313,76.297
17.02.2021 17:05:03.068 GMT+0200,76.302,76.288
17.02.2021 17:05:03.903 GMT+0200,76.312,76.288
17.02.2021 17:05:03.953 GMT+0200,76.312,76.298
17.02.2021 17:05:08.392 GMT+0200,76.313,76.287
17.02.2021 17:05:08.552 GMT+0200,76.302,76.288
17.02.2021 17:05:08.875 GMT+0200,76.312,76.298
17.02.2021 17:05:09.490 GMT+0200,76.302,76.288
17.02.2021 17:05:13.002 GMT+0200,76.303,76.277
17.02.2021 17:05:13.836 GMT+0200,76.293,76.277
17.02.2021 17:05:15.233 GMT+0200,76.302,76.278
17.02.2021 17:05:15.405 GMT+0200,76.293,76.277
17.02.2021 17:05:21.212 GMT+0200,76.302,76.278
17.02.2021 17:05:21.317 GMT+0200,76.303,76.287
17.02.2021 17:05:22.386 GMT+0200,76.293,76.277
17.02.2021 17:05:22.587 GMT+0200,76.302,76.278
17.02.2021 17:05:22.812 GMT+0200,76.302,76.288
17.02.2021 17:05:23.129 GMT+0200,76.302,76.278
17.02.2021 17:05:23.382 GMT+0200,76.293,76.277
17.02.2021 17:05:24.268 GMT+0200,76.302,76.278
17.02.2021 17:05:24.368 GMT+0200,76.303,76.287
17.02.2021 17:05:24.633 GMT+0200,76.293,76.277
17.02.2021 17:05:25.256 GMT+0200,76.303,76.277
17.02.2021 17:05:25.618 GMT+0200,76.302,76.288
17.02.2021 17:05:26.884 GMT+0200,76.293,76.277
17.02.2021 17:05:28.484 GMT+0200,76.282,76.268
17.02.2021 17:05:31.854 GMT+0200,76.292,76.278
17.02.2021 17:05:34.058 GMT+0200,76.293,76.267
17.02.2021 17:05:34.284 GMT+0200,76.283,76.267
17.02.2021 17:05:37.028 GMT+0200,76.293,76.277
17.02.2021 17:05:45.373 GMT+0200,76.292,76.268
17.02.2021 17:05:45.476 GMT+0200,76.292,76.278
17.02.2021 17:05:46.522 GMT+0200,76.283,76.267
17.02.2021 17:05:47.609 GMT+0200,76.293,76.267
17.02.2021 17:05:48.157 GMT+0200,76.282,76.268
17.02.2021 17:05:50.244 GMT+0200,76.272,76.258
17.02.2021 17:05:51.861 GMT+0200,76.263,76.247
17.02.2021 17:05:54.315 GMT+0200,76.252,76.238
17.02.2021 17:05:55.872 GMT+0200,76.263,76.247
17.02.2021 17:05:59.713 GMT+0200,76.272,76.258
17.02.2021 17:06:00.065 GMT+0200,76.273,76.247
17.02.2021 17:06:00.115 GMT+0200,76.272,76.258
17.02.2021 17:06:02.364 GMT+0200,76.272,76.248
17.02.2021 17:06:02.414 GMT+0200,76.262,76.248
17.02.2021 17:06:04.116 GMT+0200,76.253,76.247
17.02.2021 17:06:04.166 GMT+0200,76.252,76.238
17.02.2021 17:06:04.666 GMT+0200,76.262,76.238
17.02.2021 17:06:04.766 GMT+0200,76.263,76.247
17.02.2021 17:06:07.285 GMT+0200,76.262,76.258
17.02.2021 17:06:07.335 GMT+0200,76.273,76.257
17.02.2021 17:06:08.625 GMT+0200,76.262,76.248
17.02.2021 17:06:13.085 GMT+0200,76.272,76.258
17.02.2021 17:06:17.001 GMT+0200,76.262,76.258
17.02.2021 17:06:17.052 GMT+0200,76.262,76.248
17.02.2021 17:06:19.282 GMT+0200,76.272,76.258
17.02.2021 17:06:20.173 GMT+0200,76.272,76.248
17.02.2021 17:06:20.394 GMT+0200,76.262,76.248
17.02.2021 17:06:21.665 GMT+0200,76.253,76.247
17.02.2021 17:06:21.716 GMT+0200,76.252,76.238
17.02.2021 17:06:24.818 GMT+0200,76.262,76.248
17.02.2021 17:06:25.859 GMT+0200,76.253,76.237
17.02.2021 17:06:27.898 GMT+0200,76.262,76.248
17.02.2021 17:06:28.035 GMT+0200,76.252,76.238
17.02.2021 17:06:34.336 GMT+0200,76.242,76.238
17.02.2021 17:06:34.386 GMT+0200,76.243,76.227
17.02.2021 17:06:36.846 GMT+0200,76.253,76.227
17.02.2021 17:06:36.896 GMT+0200,76.253,76.237
17.02.2021 17:06:40.551 GMT+0200,76.263,76.237
17.02.2021 17:06:40.817 GMT+0200,76.263,76.247
17.02.2021 17:06:43.046 GMT+0200,76.272,76.248
17.02.2021 17:06:43.418 GMT+0200,76.262,76.248
17.02.2021 17:06:48.358 GMT+0200,76.262,76.238
17.02.2021 17:06:48.409 GMT+0200,76.253,76.237
17.02.2021 17:06:48.559 GMT+0200,76.243,76.227
17.02.2021 17:06:53.967 GMT+0200,76.252,76.238
17.02.2021 17:06:59.423 GMT+0200,76.263,76.237
17.02.2021 17:07:00.077 GMT+0200,76.253,76.237
17.02.2021 17:07:00.524 GMT+0200,76.262,76.238
17.02.2021 17:07:01.063 GMT+0200,76.252,76.238
17.02.2021 17:07:05.306 GMT+0200,76.263,76.237
17.02.2021 17:07:05.407 GMT+0200,76.262,76.248
17.02.2021 17:07:05.890 GMT+0200,76.262,76.238
17.02.2021 17:07:05.940 GMT+0200,76.263,76.247
17.02.2021 17:07:06.106 GMT+0200,76.252,76.248
17.02.2021 17:07:06.156 GMT+0200,76.252,76.238
17.02.2021 17:07:11.745 GMT+0200,76.263,76.237
17.02.2021 17:07:11.895 GMT+0200,76.252,76.238
17.02.2021 17:07:12.347 GMT+0200,76.263,76.237
17.02.2021 17:07:12.838 GMT+0200,76.262,76.248
17.02.2021 17:07:13.170 GMT+0200,76.262,76.238
17.02.2021 17:07:13.306 GMT+0200,76.262,76.248
17.02.2021 17:07:15.678 GMT+0200,76.263,76.237
17.02.2021 17:07:15.838 GMT+0200,76.262,76.248
17.02.2021 17:07:21.612 GMT+0200,76.263,76.257
17.02.2021 17:07:21.662 GMT+0200,76.273,76.257
17.02.2021 17:07:23.473 GMT+0200,76.282,76.258
17.02.2021 17:07:23.524 GMT+0200,76.282,76.268
17.02.2021 17:07:23.825 GMT+0200,76.283,76.257
17.02.2021 17:07:23.983 GMT+0200,76.283,76.267
17.02.2021 17:07:24.312 GMT+0200,76.272,76.258
17.02.2021 17:07:25.152 GMT+0200,76.282,76.268
17.02.2021 17:07:31.734 GMT+0200,76.292,76.268
17.02.2021 17:07:31.784 GMT+0200,76.292,76.278
17.02.2021 17:07:32.525 GMT+0200,76.283,76.267
17.02.2021 17:07:32.626 GMT+0200,76.273,76.257
17.02.2021 17:07:37.238 GMT+0200,76.262,76.248
17.02.2021 17:07:37.997 GMT+0200,76.272,76.258
17.02.2021 17:07:38.148 GMT+0200,76.262,76.248
17.02.2021 17:07:38.288 GMT+0200,76.272,76.258
17.02.2021 17:07:38.394 GMT+0200,76.273,76.247
17.02.2021 17:07:38.445 GMT+0200,76.262,76.248
17.02.2021 17:07:39.616 GMT+0200,76.262,76.258
17.02.2021 17:07:39.666 GMT+0200,76.272,76.258
17.02.2021 17:07:40.005 GMT+0200,76.273,76.247
17.02.2021 17:07:40.166 GMT+0200,76.273,76.257
17.02.2021 17:07:45.025 GMT+0200,76.263,76.247
17.02.2021 17:07:46.266 GMT+0200,76.273,76.247
17.02.2021 17:07:46.316 GMT+0200,76.273,76.257
17.02.2021 17:07:47.204 GMT+0200,76.273,76.247
17.02.2021 17:07:47.319 GMT+0200,76.262,76.248
17.02.2021 17:07:57.953 GMT+0200,76.273,76.247
17.02.2021 17:07:58.080 GMT+0200,76.273,76.257
17.02.2021 17:07:58.369 GMT+0200,76.273,76.247
17.02.2021 17:07:58.576 GMT+0200,76.272,76.258
17.02.2021 17:07:58.954 GMT+0200,76.272,76.248
17.02.2021 17:07:59.331 GMT+0200,76.262,76.248
17.02.2021 17:08:04.679 GMT+0200,76.273,76.257
17.02.2021 17:08:08.317 GMT+0200,76.282,76.258
17.02.2021 17:08:08.570 GMT+0200,76.283,76.267
17.02.2021 17:08:10.200 GMT+0200,76.282,76.258
17.02.2021 17:08:10.250 GMT+0200,76.283,76.267
17.02.2021 17:08:10.351 GMT+0200,76.282,76.258
17.02.2021 17:08:10.401 GMT+0200,76.283,76.267
17.02.2021 17:08:10.502 GMT+0200,76.293,76.277
17.02.2021 17:08:13.189 GMT+0200,76.282,76.268
17.02.2021 17:08:21.222 GMT+0200,76.273,76.257
17.02.2021 17:08:22.229 GMT+0200,76.283,76.267
17.02.2021 17:08:33.106 GMT+0200,76.293,76.277
17.02.2021 17:08:36.279 GMT+0200,76.303,76.287
17.02.2021 17:08:36.956 GMT+0200,76.302,76.278
17.02.2021 17:08:37.006 GMT+0200,76.302,76.288
17.02.2021 17:08:40.566 GMT+0200,76.312,76.298
17.02.2021 17:08:42.992 GMT+0200,76.322,76.308
17.02.2021 17:08:49.312 GMT+0200,76.333,76.317
17.02.2021 17:08:49.621 GMT+0200,76.343,76.327
17.02.2021 17:08:56.302 GMT+0200,76.352,76.338
17.02.2021 17:08:58.311 GMT+0200,76.352,76.348
17.02.2021 17:08:58.361 GMT+0200,76.362,76.348
17.02.2021 17:08:59.240 GMT+0200,76.363,76.357
17.02.2021 17:08:59.290 GMT+0200,76.373,76.357
17.02.2021 17:09:01.445 GMT+0200,76.382,76.368
17.02.2021 17:09:03.573 GMT+0200,76.392,76.378
17.02.2021 17:09:05.692 GMT+0200,76.382,76.378
17.02.2021 17:09:05.742 GMT+0200,76.383,76.367
17.02.2021 17:09:14.251 GMT+0200,76.372,76.358
17.02.2021 17:09:22.886 GMT+0200,76.372,76.368
17.02.2021 17:09:22.936 GMT+0200,76.382,76.368
17.02.2021 17:09:23.194 GMT+0200,76.393,76.377
17.02.2021 17:09:23.484 GMT+0200,76.393,76.367
17.02.2021 17:09:23.584 GMT+0200,76.382,76.368
17.02.2021 17:09:31.372 GMT+0200,76.373,76.357
17.02.2021 17:09:37.796 GMT+0200,76.382,76.368
17.02.2021 17:09:38.879 GMT+0200,76.382,76.358
17.02.2021 17:09:39.000 GMT+0200,76.372,76.358
17.02.2021 17:09:46.544 GMT+0200,76.382,76.358
17.02.2021 17:09:46.771 GMT+0200,76.383,76.367
17.02.2021 17:09:50.769 GMT+0200,76.393,76.367
17.02.2021 17:09:50.946 GMT+0200,76.393,76.377
17.02.2021 17:09:59.089 GMT+0200,76.392,76.368
17.02.2021 17:09:59.140 GMT+0200,76.382,76.368
17.02.2021 17:09:59.922 GMT+0200,76.392,76.378
17.02.2021 17:10:00.613 GMT+0200,76.383,76.367
17.02.2021 17:10:06.090 GMT+0200,76.382,76.358
17.02.2021 17:10:06.375 GMT+0200,76.373,76.357
17.02.2021 17:10:07.117 GMT+0200,76.373,76.367
17.02.2021 17:10:07.167 GMT+0200,76.383,76.367
17.02.2021 17:10:10.137 GMT+0200,76.392,76.378
17.02.2021 17:10:10.818 GMT+0200,76.403,76.387
17.02.2021 17:10:12.013 GMT+0200,76.412,76.398
17.02.2021 17:10:12.114 GMT+0200,76.403,76.387
17.02.2021 17:10:22.276 GMT+0200,76.412,76.398
17.02.2021 17:10:31.502 GMT+0200,76.403,76.387
17.02.2021 17:10:31.652 GMT+0200,76.413,76.397
17.02.2021 17:10:32.908 GMT+0200,76.403,76.387
17.02.2021 17:10:36.530 GMT+0200,76.413,76.397
17.02.2021 17:10:38.958 GMT+0200,76.412,76.388
17.02.2021 17:10:39.356 GMT+0200,76.413,76.397
17.02.2021 17:10:39.507 GMT+0200,76.412,76.388
17.02.2021 17:10:39.558 GMT+0200,76.413,76.397
17.02.2021 17:10:39.756 GMT+0200,76.403,76.387
17.02.2021 17:10:42.638 GMT+0200,76.412,76.398
17.02.2021 17:10:45.259 GMT+0200,76.403,76.387
17.02.2021 17:10:47.564 GMT+0200,76.413,76.397
17.02.2021 17:10:49.341 GMT+0200,76.412,76.388
17.02.2021 17:10:49.475 GMT+0200,76.412,76.398
17.02.2021 17:10:50.099 GMT+0200,76.403,76.387
17.02.2021 17:10:50.827 GMT+0200,76.392,76.378
17.02.2021 17:10:56.379 GMT+0200,76.383,76.377
17.02.2021 17:10:56.429 GMT+0200,76.382,76.368
17.02.2021 17:11:00.100 GMT+0200,76.393,76.377
17.02.2021 17:11:03.185 GMT+0200,76.383,76.367
17.02.2021 17:11:03.503 GMT+0200,76.393,76.367
17.02.2021 17:11:03.707 GMT+0200,76.383,76.367
17.02.2021 17:11:05.872 GMT+0200,76.392,76.368
17.02.2021 17:11:06.148 GMT+0200,76.392,76.378
17.02.2021 17:11:08.717 GMT+0200,76.382,76.368
17.02.2021 17:11:11.915 GMT+0200,76.393,76.377
17.02.2021 17:11:12.023 GMT+0200,76.382,76.368
17.02.2021 17:11:16.031 GMT+0200,76.393,76.367
17.02.2021 17:11:16.132 GMT+0200,76.383,76.367
17.02.2021 17:11:17.200 GMT+0200,76.392,76.378
17.02.2021 17:11:17.472 GMT+0200,76.393,76.367
17.02.2021 17:11:17.586 GMT+0200,76.383,76.367
17.02.2021 17:11:18.518 GMT+0200,76.392,76.368
17.02.2021 17:11:18.568 GMT+0200,76.392,76.378
17.02.2021 17:11:18.618 GMT+0200,76.392,76.368
17.02.2021 17:11:18.669 GMT+0200,76.383,76.367
17.02.2021 17:11:20.660 GMT+0200,76.372,76.358
17.02.2021 17:11:30.456 GMT+0200,76.382,76.358
17.02.2021 17:11:30.506 GMT+0200,76.373,76.357
17.02.2021 17:11:30.790 GMT+0200,76.383,76.357
17.02.2021 17:11:31.216 GMT+0200,76.382,76.368
17.02.2021 17:11:33.582 GMT+0200,76.372,76.368
17.02.2021 17:11:33.633 GMT+0200,76.372,76.358
17.02.2021 17:11:40.110 GMT+0200,76.383,76.367
17.02.2021 17:11:47.898 GMT+0200,76.392,76.378
17.02.2021 17:11:48.202 GMT+0200,76.393,76.367
17.02.2021 17:11:48.252 GMT+0200,76.393,76.377
17.02.2021 17:11:48.563 GMT+0200,76.382,76.368
17.02.2021 17:11:54.768 GMT+0200,76.373,76.367
17.02.2021 17:11:54.818 GMT+0200,76.373,76.357
17.02.2021 17:11:56.978 GMT+0200,76.382,76.368
17.02.2021 17:12:00.228 GMT+0200,76.393,76.367
17.02.2021 17:12:00.597 GMT+0200,76.383,76.367
17.02.2021 17:12:00.698 GMT+0200,76.393,76.367
17.02.2021 17:12:00.748 GMT+0200,76.392,76.378
17.02.2021 17:12:02.568 GMT+0200,76.402,76.388
17.02.2021 17:12:10.015 GMT+0200,76.393,76.377
17.02.2021 17:12:10.382 GMT+0200,76.403,76.377
17.02.2021 17:12:10.533 GMT+0200,76.392,76.378
17.02.2021 17:12:10.837 GMT+0200,76.403,76.377
17.02.2021 17:12:11.085 GMT+0200,76.392,76.378
17.02.2021 17:12:11.368 GMT+0200,76.402,76.378
17.02.2021 17:12:11.418 GMT+0200,76.392,76.378
17.02.2021 17:12:11.744 GMT+0200,76.402,76.378
17.02.2021 17:12:11.794 GMT+0200,76.392,76.378
17.02.2021 17:12:13.925 GMT+0200,76.392,76.388
17.02.2021 17:12:13.975 GMT+0200,76.403,76.387
17.02.2021 17:12:21.257 GMT+0200,76.402,76.378
17.02.2021 17:12:21.308 GMT+0200,76.402,76.388
17.02.2021 17:12:22.535 GMT+0200,76.393,76.377
17.02.2021 17:12:25.835 GMT+0200,76.382,76.368
17.02.2021 17:12:33.497 GMT+0200,76.372,76.358
17.02.2021 17:12:39.558 GMT+0200,76.362,76.348
17.02.2021 17:12:40.891 GMT+0200,76.373,76.347
17.02.2021 17:12:40.941 GMT+0200,76.373,76.357
17.02.2021 17:12:43.197 GMT+0200,76.363,76.347
17.02.2021 17:12:52.254 GMT+0200,76.352,76.348
17.02.2021 17:12:52.304 GMT+0200,76.353,76.337
17.02.2021 17:12:54.263 GMT+0200,76.342,76.328
17.02.2021 17:12:54.467 GMT+0200,76.332,76.318
17.02.2021 17:12:55.891 GMT+0200,76.343,76.327
17.02.2021 17:12:58.379 GMT+0200,76.333,76.317
17.02.2021 17:13:03.073 GMT+0200,76.323,76.307
17.02.2021 17:13:05.686 GMT+0200,76.332,76.318
17.02.2021 17:13:06.492 GMT+0200,76.343,76.317
17.02.2021 17:13:06.543 GMT+0200,76.332,76.318
17.02.2021 17:13:07.317 GMT+0200,76.342,76.318
17.02.2021 17:13:07.375 GMT+0200,76.333,76.317
17.02.2021 17:13:07.426 GMT+0200,76.343,76.317
17.02.2021 17:13:07.476 GMT+0200,76.342,76.328
17.02.2021 17:13:07.879 GMT+0200,76.343,76.317
17.02.2021 17:13:07.929 GMT+0200,76.332,76.318
17.02.2021 17:13:13.614 GMT+0200,76.323,76.307
17.02.2021 17:13:20.618 GMT+0200,76.332,76.318
17.02.2021 17:13:21.852 GMT+0200,76.342,76.318
17.02.2021 17:13:22.742 GMT+0200,76.333,76.317
17.02.2021 17:13:22.892 GMT+0200,76.343,76.327
17.02.2021 17:13:22.993 GMT+0200,76.332,76.318
17.02.2021 17:13:24.174 GMT+0200,76.323,76.307
17.02.2021 17:13:29.513 GMT+0200,76.312,76.298
17.02.2021 17:13:35.047 GMT+0200,76.323,76.307
17.02.2021 17:13:35.252 GMT+0200,76.313,76.297
17.02.2021 17:13:35.453 GMT+0200,76.323,76.297
17.02.2021 17:13:35.635 GMT+0200,76.323,76.307
17.02.2021 17:13:35.785 GMT+0200,76.313,76.297
17.02.2021 17:13:36.115 GMT+0200,76.323,76.307
17.02.2021 17:13:36.628 GMT+0200,76.312,76.298
17.02.2021 17:13:37.967 GMT+0200,76.312,76.308
17.02.2021 17:13:38.018 GMT+0200,76.322,76.308
17.02.2021 17:13:38.638 GMT+0200,76.322,76.298
17.02.2021 17:13:38.688 GMT+0200,76.323,76.307
17.02.2021 17:13:42.195 GMT+0200,76.333,76.307
17.02.2021 17:13:42.380 GMT+0200,76.333,76.317
17.02.2021 17:13:43.662 GMT+0200,76.342,76.318
17.02.2021 17:13:43.929 GMT+0200,76.343,76.327
17.02.2021 17:13:45.601 GMT+0200,76.352,76.338
17.02.2021 17:13:47.160 GMT+0200,76.353,76.327
17.02.2021 17:13:47.210 GMT+0200,76.343,76.327
17.02.2021 17:13:48.018 GMT+0200,76.353,76.337
17.02.2021 17:13:48.742 GMT+0200,76.342,76.328
17.02.2021 17:13:48.958 GMT+0200,76.353,76.327
17.02.2021 17:13:49.008 GMT+0200,76.353,76.337
17.02.2021 17:13:49.510 GMT+0200,76.362,76.338
17.02.2021 17:13:49.824 GMT+0200,76.353,76.337
17.02.2021 17:13:49.975 GMT+0200,76.362,76.338
17.02.2021 17:13:50.680 GMT+0200,76.353,76.337
17.02.2021 17:13:50.847 GMT+0200,76.362,76.338
17.02.2021 17:13:51.045 GMT+0200,76.353,76.337
17.02.2021 17:13:51.297 GMT+0200,76.362,76.338
17.02.2021 17:13:51.534 GMT+0200,76.353,76.337
17.02.2021 17:13:51.886 GMT+0200,76.362,76.338
17.02.2021 17:13:52.633 GMT+0200,76.362,76.348
17.02.2021 17:13:52.833 GMT+0200,76.363,76.337
17.02.2021 17:13:52.985 GMT+0200,76.353,76.337
17.02.2021 17:13:55.762 GMT+0200,76.343,76.327
17.02.2021 17:13:59.188 GMT+0200,76.333,76.317
17.02.2021 17:14:00.507 GMT+0200,76.342,76.328
17.02.2021 17:14:02.339 GMT+0200,76.332,76.328
17.02.2021 17:14:02.390 GMT+0200,76.332,76.318
17.02.2021 17:14:04.640 GMT+0200,76.323,76.307
17.02.2021 17:14:06.487 GMT+0200,76.332,76.308
17.02.2021 17:14:06.538 GMT+0200,76.333,76.317
17.02.2021 17:14:08.332 GMT+0200,76.343,76.317
17.02.2021 17:14:08.382 GMT+0200,76.332,76.318
17.02.2021 17:14:09.751 GMT+0200,76.332,76.328
17.02.2021 17:14:09.801 GMT+0200,76.343,76.327
17.02.2021 17:14:11.264 GMT+0200,76.343,76.317
17.02.2021 17:14:11.739 GMT+0200,76.342,76.328
17.02.2021 17:14:12.639 GMT+0200,76.352,76.338
17.02.2021 17:14:13.276 GMT+0200,76.342,76.328
17.02.2021 17:14:13.761 GMT+0200,76.342,76.338
17.02.2021 17:14:13.812 GMT+0200,76.353,76.337
17.02.2021 17:14:14.034 GMT+0200,76.352,76.328
17.02.2021 17:14:14.185 GMT+0200,76.342,76.328
17.02.2021 17:14:15.571 GMT+0200,76.352,76.328
17.02.2021 17:14:15.672 GMT+0200,76.352,76.338
17.02.2021 17:14:17.977 GMT+0200,76.352,76.328
17.02.2021 17:14:18.028 GMT+0200,76.343,76.327
17.02.2021 17:14:19.990 GMT+0200,76.352,76.328
17.02.2021 17:14:20.040 GMT+0200,76.343,76.327
17.02.2021 17:14:22.786 GMT+0200,76.343,76.317
17.02.2021 17:14:23.057 GMT+0200,76.333,76.317
17.02.2021 17:14:23.207 GMT+0200,76.342,76.328
17.02.2021 17:14:25.684 GMT+0200,76.353,76.327
17.02.2021 17:14:25.735 GMT+0200,76.342,76.328
17.02.2021 17:14:27.222 GMT+0200,76.353,76.327
17.02.2021 17:14:27.272 GMT+0200,76.353,76.337
17.02.2021 17:14:28.255 GMT+0200,76.342,76.328
17.02.2021 17:14:28.517 GMT+0200,76.352,76.338
17.02.2021 17:14:28.887 GMT+0200,76.342,76.338
17.02.2021 17:14:28.937 GMT+0200,76.342,76.328
17.02.2021 17:14:29.038 GMT+0200,76.352,76.328
17.02.2021 17:14:29.142 GMT+0200,76.352,76.338
17.02.2021 17:14:30.254 GMT+0200,76.352,76.328
17.02.2021 17:14:30.305 GMT+0200,76.343,76.327
17.02.2021 17:14:32.441 GMT+0200,76.342,76.318
17.02.2021 17:14:32.541 GMT+0200,76.342,76.328
17.02.2021 17:14:33.292 GMT+0200,76.342,76.318
17.02.2021 17:14:34.191 GMT+0200,76.332,76.318
17.02.2021 17:14:34.666 GMT+0200,76.343,76.317
17.02.2021 17:14:34.716 GMT+0200,76.342,76.328
17.02.2021 17:14:37.744 GMT+0200,76.332,76.318
17.02.2021 17:14:39.177 GMT+0200,76.342,76.318
17.02.2021 17:14:39.227 GMT+0200,76.342,76.328
17.02.2021 17:14:39.562 GMT+0200,76.333,76.317
17.02.2021 17:14:40.482 GMT+0200,76.342,76.318
17.02.2021 17:14:40.582 GMT+0200,76.343,76.327
17.02.2021 17:14:40.683 GMT+0200,76.333,76.317
17.02.2021 17:14:40.783 GMT+0200,76.342,76.318
17.02.2021 17:14:41.063 GMT+0200,76.333,76.317
17.02.2021 17:14:41.189 GMT+0200,76.343,76.327
17.02.2021 17:14:51.749 GMT+0200,76.342,76.318
17.02.2021 17:14:51.983 GMT+0200,76.332,76.318
17.02.2021 17:14:58.118 GMT+0200,76.333,76.307
17.02.2021 17:14:58.487 GMT+0200,76.322,76.308
17.02.2021 17:15:00.355 GMT+0200,76.322,76.298
17.02.2021 17:15:00.477 GMT+0200,76.313,76.297
17.02.2021 17:15:01.912 GMT+0200,76.323,76.297
17.02.2021 17:15:01.963 GMT+0200,76.323,76.307
17.02.2021 17:15:03.474 GMT+0200,76.323,76.297
17.02.2021 17:15:03.543 GMT+0200,76.322,76.308
17.02.2021 17:15:03.867 GMT+0200,76.313,76.297
17.02.2021 17:15:09.778 GMT+0200,76.312,76.308
17.02.2021 17:15:09.828 GMT+0200,76.322,76.308
17.02.2021 17:15:10.741 GMT+0200,76.322,76.298
17.02.2021 17:15:10.792 GMT+0200,76.313,76.297
17.02.2021 17:15:10.892 GMT+0200,76.323,76.297
17.02.2021 17:15:11.423 GMT+0200,76.322,76.308
17.02.2021 17:15:13.674 GMT+0200,76.313,76.297
17.02.2021 17:15:13.927 GMT+0200,76.323,76.297
17.02.2021 17:15:13.977 GMT+0200,76.312,76.298
17.02.2021 17:15:15.253 GMT+0200,76.323,76.297
17.02.2021 17:15:15.427 GMT+0200,76.322,76.308
17.02.2021 17:15:21.144 GMT+0200,76.332,76.318
17.02.2021 17:15:23.645 GMT+0200,76.323,76.307
17.02.2021 17:15:26.076 GMT+0200,76.323,76.297
17.02.2021 17:15:26.127 GMT+0200,76.312,76.298
17.02.2021 17:15:27.593 GMT+0200,76.323,76.297
17.02.2021 17:15:27.744 GMT+0200,76.322,76.308
17.02.2021 17:15:27.998 GMT+0200,76.313,76.297
17.02.2021 17:15:39.353 GMT+0200,76.303,76.287
17.02.2021 17:15:44.043 GMT+0200,76.302,76.278
17.02.2021 17:15:44.093 GMT+0200,76.303,76.287
17.02.2021 17:15:44.490 GMT+0200,76.302,76.278
17.02.2021 17:15:44.824 GMT+0200,76.302,76.288
17.02.2021 17:15:45.194 GMT+0200,76.302,76.278
17.02.2021 17:15:45.244 GMT+0200,76.302,76.288
17.02.2021 17:15:45.457 GMT+0200,76.303,76.277
17.02.2021 17:15:45.619 GMT+0200,76.302,76.288
17.02.2021 17:15:48.114 GMT+0200,76.303,76.277
17.02.2021 17:15:48.168 GMT+0200,76.303,76.287
17.02.2021 17:15:48.357 GMT+0200,76.302,76.278
17.02.2021 17:15:48.407 GMT+0200,76.292,76.278
17.02.2021 17:15:50.640 GMT+0200,76.293,76.267
17.02.2021 17:15:50.754 GMT+0200,76.293,76.277
17.02.2021 17:15:51.156 GMT+0200,76.292,76.268
17.02.2021 17:15:51.313 GMT+0200,76.293,76.277
17.02.2021 17:15:51.463 GMT+0200,76.292,76.268
17.02.2021 17:15:51.513 GMT+0200,76.292,76.278
17.02.2021 17:15:51.926 GMT+0200,76.293,76.267
17.02.2021 17:15:51.985 GMT+0200,76.293,76.277
17.02.2021 17:15:52.177 GMT+0200,76.292,76.268
17.02.2021 17:15:52.428 GMT+0200,76.282,76.268
17.02.2021 17:15:59.466 GMT+0200,76.292,76.268
17.02.2021 17:16:00.532 GMT+0200,76.292,76.278
17.02.2021 17:16:00.941 GMT+0200,76.282,76.268
17.02.2021 17:16:01.042 GMT+0200,76.292,76.278
17.02.2021 17:16:01.193 GMT+0200,76.282,76.268
17.02.2021 17:16:04.062 GMT+0200,76.283,76.257
17.02.2021 17:16:04.232 GMT+0200,76.282,76.268
17.02.2021 17:16:04.386 GMT+0200,76.282,76.258
17.02.2021 17:16:04.723 GMT+0200,76.272,76.258
17.02.2021 17:16:06.684 GMT+0200,76.282,76.258
17.02.2021 17:16:06.735 GMT+0200,76.282,76.268
17.02.2021 17:16:07.400 GMT+0200,76.272,76.258
17.02.2021 17:16:07.733 GMT+0200,76.283,76.267
17.02.2021 17:16:12.018 GMT+0200,76.272,76.258
17.02.2021 17:16:18.112 GMT+0200,76.263,76.247
17.02.2021 17:16:18.608 GMT+0200,76.262,76.238
17.02.2021 17:16:18.660 GMT+0200,76.263,76.247
17.02.2021 17:16:27.488 GMT+0200,76.272,76.258
17.02.2021 17:16:28.419 GMT+0200,76.272,76.248
17.02.2021 17:16:28.469 GMT+0200,76.273,76.257
17.02.2021 17:16:28.560 GMT+0200,76.273,76.247
17.02.2021 17:16:28.610 GMT+0200,76.273,76.257
17.02.2021 17:16:28.791 GMT+0200,76.263,76.257
17.02.2021 17:16:28.841 GMT+0200,76.262,76.248
17.02.2021 17:16:28.942 GMT+0200,76.272,76.248
17.02.2021 17:16:29.159 GMT+0200,76.262,76.248
17.02.2021 17:16:29.297 GMT+0200,76.273,76.247
17.02.2021 17:16:29.437 GMT+0200,76.272,76.258
17.02.2021 17:16:29.638 GMT+0200,76.272,76.248
17.02.2021 17:16:30.114 GMT+0200,76.262,76.248
17.02.2021 17:16:45.615 GMT+0200,76.273,76.247
17.02.2021 17:16:45.717 GMT+0200,76.263,76.247
17.02.2021 17:16:46.133 GMT+0200,76.272,76.258
17.02.2021 17:16:59.161 GMT+0200,76.263,76.247
17.02.2021 17:17:02.543 GMT+0200,76.252,76.238
17.02.2021 17:17:09.468 GMT+0200,76.262,76.238
17.02.2021 17:17:10.186 GMT+0200,76.262,76.248
17.02.2021 17:17:12.461 GMT+0200,76.273,76.247
17.02.2021 17:17:12.661 GMT+0200,76.272,76.258
17.02.2021 17:17:13.163 GMT+0200,76.272,76.248
17.02.2021 17:17:13.239 GMT+0200,76.262,76.248
17.02.2021 17:17:15.009 GMT+0200,76.272,76.248
17.02.2021 17:17:15.059 GMT+0200,76.263,76.247
17.02.2021 17:17:16.151 GMT+0200,76.273,76.247
17.02.2021 17:17:16.202 GMT+0200,76.262,76.248
17.02.2021 17:17:17.007 GMT+0200,76.273,76.247
17.02.2021 17:17:17.331 GMT+0200,76.262,76.248
17.02.2021 17:17:19.589 GMT+0200,76.262,76.258
17.02.2021 17:17:19.640 GMT+0200,76.273,76.257
17.02.2021 17:17:25.669 GMT+0200,76.263,76.247
17.02.2021 17:17:38.171 GMT+0200,76.253,76.237
17.02.2021 17:17:50.494 GMT+0200,76.242,76.228
17.02.2021 17:17:50.966 GMT+0200,76.232,76.218
17.02.2021 17:17:51.217 GMT+0200,76.243,76.217
17.02.2021 17:17:51.267 GMT+0200,76.232,76.218
17.02.2021 17:17:51.468 GMT+0200,76.242,76.228
17.02.2021 17:17:51.619 GMT+0200,76.243,76.217
17.02.2021 17:17:52.030 GMT+0200,76.242,76.228
17.02.2021 17:18:03.640 GMT+0200,76.232,76.218
17.02.2021 17:18:05.941 GMT+0200,76.243,76.217
17.02.2021 17:18:06.098 GMT+0200,76.242,76.228
17.02.2021 17:18:10.417 GMT+0200,76.233,76.227
17.02.2021 17:18:10.468 GMT+0200,76.233,76.217
17.02.2021 17:18:18.218 GMT+0200,76.233,76.227
17.02.2021 17:18:18.269 GMT+0200,76.242,76.228
17.02.2021 17:18:20.175 GMT+0200,76.253,76.237
17.02.2021 17:18:28.183 GMT+0200,76.262,76.238
17.02.2021 17:18:28.233 GMT+0200,76.263,76.247
17.02.2021 17:18:30.396 GMT+0200,76.252,76.238
17.02.2021 17:18:30.496 GMT+0200,76.262,76.238
17.02.2021 17:18:30.617 GMT+0200,76.263,76.247
17.02.2021 17:18:30.721 GMT+0200,76.253,76.237
17.02.2021 17:18:32.317 GMT+0200,76.263,76.237
17.02.2021 17:18:32.500 GMT+0200,76.252,76.238
17.02.2021 17:18:34.699 GMT+0200,76.252,76.228
17.02.2021 17:18:34.749 GMT+0200,76.242,76.228
17.02.2021 17:18:35.937 GMT+0200,76.252,76.238
17.02.2021 17:18:36.188 GMT+0200,76.242,76.228
17.02.2021 17:18:43.823 GMT+0200,76.252,76.228
17.02.2021 17:18:43.908 GMT+0200,76.253,76.237
17.02.2021 17:18:46.135 GMT+0200,76.243,76.227
17.02.2021 17:18:49.758 GMT+0200,76.253,76.237
17.02.2021 17:18:52.483 GMT+0200,76.263,76.237
17.02.2021 17:18:52.584 GMT+0200,76.252,76.238
17.02.2021 17:18:54.509 GMT+0200,76.262,76.248
17.02.2021 17:18:57.238 GMT+0200,76.273,76.257
17.02.2021 17:18:58.980 GMT+0200,76.283,76.267
17.02.2021 17:18:59.566 GMT+0200,76.283,76.257
17.02.2021 17:18:59.617 GMT+0200,76.272,76.258
17.02.2021 17:18:59.727 GMT+0200,76.282,76.268
17.02.2021 17:19:01.881 GMT+0200,76.272,76.258
17.02.2021 17:19:03.527 GMT+0200,76.273,76.267
17.02.2021 17:19:03.577 GMT+0200,76.283,76.267
17.02.2021 17:19:09.456 GMT+0200,76.273,76.257
17.02.2021 17:19:18.880 GMT+0200,76.283,76.257
17.02.2021 17:19:18.931 GMT+0200,76.282,76.268
17.02.2021 17:19:19.587 GMT+0200,76.272,76.258
17.02.2021 17:19:31.030 GMT+0200,76.282,76.258
17.02.2021 17:19:31.080 GMT+0200,76.283,76.267
17.02.2021 17:19:33.030 GMT+0200,76.282,76.258
17.02.2021 17:19:33.297 GMT+0200,76.272,76.258
17.02.2021 17:19:39.391 GMT+0200,76.283,76.257
17.02.2021 17:19:39.441 GMT+0200,76.273,76.257
17.02.2021 17:19:39.592 GMT+0200,76.282,76.268
17.02.2021 17:19:41.923 GMT+0200,76.293,76.267
17.02.2021 17:19:41.973 GMT+0200,76.292,76.278
17.02.2021 17:19:44.891 GMT+0200,76.283,76.277
17.02.2021 17:19:44.941 GMT+0200,76.283,76.267
17.02.2021 17:19:47.021 GMT+0200,76.282,76.278
17.02.2021 17:19:47.071 GMT+0200,76.293,76.277
17.02.2021 17:19:52.348 GMT+0200,76.292,76.288
17.02.2021 17:19:52.399 GMT+0200,76.303,76.287
17.02.2021 17:19:52.619 GMT+0200,76.293,76.277
17.02.2021 17:19:52.790 GMT+0200,76.302,76.288
17.02.2021 17:19:56.346 GMT+0200,76.302,76.278
17.02.2021 17:19:56.877 GMT+0200,76.292,76.278
17.02.2021 17:19:57.092 GMT+0200,76.302,76.278
17.02.2021 17:19:57.286 GMT+0200,76.302,76.288
17.02.2021 17:19:57.450 GMT+0200,76.303,76.277
17.02.2021 17:19:57.516 GMT+0200,76.302,76.288
17.02.2021 17:19:58.045 GMT+0200,76.302,76.278
17.02.2021 17:19:58.096 GMT+0200,76.303,76.287
17.02.2021 17:19:59.835 GMT+0200,76.302,76.278
17.02.2021 17:20:00.091 GMT+0200,76.292,76.278
17.02.2021 17:20:00.342 GMT+0200,76.303,76.277
17.02.2021 17:20:00.393 GMT+0200,76.303,76.287
17.02.2021 17:20:00.547 GMT+0200,76.303,76.277
17.02.2021 17:20:00.647 GMT+0200,76.292,76.278
17.02.2021 17:20:00.761 GMT+0200,76.302,76.278
17.02.2021 17:20:00.812 GMT+0200,76.303,76.287
17.02.2021 17:20:01.551 GMT+0200,76.303,76.277
17.02.2021 17:20:02.074 GMT+0200,76.303,76.287
17.02.2021 17:20:02.289 GMT+0200,76.313,76.287
17.02.2021 17:20:02.389 GMT+0200,76.313,76.297
17.02.2021 17:20:02.641 GMT+0200,76.312,76.288
17.02.2021 17:20:02.691 GMT+0200,76.302,76.288
17.02.2021 17:20:04.005 GMT+0200,76.302,76.298
17.02.2021 17:20:04.055 GMT+0200,76.313,76.297
17.02.2021 17:20:04.975 GMT+0200,76.312,76.288
17.02.2021 17:20:05.025 GMT+0200,76.313,76.297
17.02.2021 17:20:05.176 GMT+0200,76.313,76.287
17.02.2021 17:20:05.226 GMT+0200,76.303,76.287
17.02.2021 17:20:05.276 GMT+0200,76.313,76.287
17.02.2021 17:20:05.327 GMT+0200,76.313,76.297
17.02.2021 17:20:06.379 GMT+0200,76.303,76.287
17.02.2021 17:20:06.480 GMT+0200,76.313,76.287
17.02.2021 17:20:06.624 GMT+0200,76.312,76.298
17.02.2021 17:20:11.802 GMT+0200,76.322,76.308
17.02.2021 17:20:13.355 GMT+0200,76.332,76.318
17.02.2021 17:20:20.351 GMT+0200,76.322,76.308
17.02.2021 17:20:21.130 GMT+0200,76.322,76.298
17.02.2021 17:20:21.180 GMT+0200,76.313,76.297
17.02.2021 17:20:23.804 GMT+0200,76.313,76.287
17.02.2021 17:20:23.905 GMT+0200,76.313,76.297
17.02.2021 17:20:25.319 GMT+0200,76.322,76.308
17.02.2021 17:20:29.163 GMT+0200,76.323,76.297
17.02.2021 17:20:29.213 GMT+0200,76.312,76.298
17.02.2021 17:20:31.729 GMT+0200,76.323,76.297
17.02.2021 17:20:31.997 GMT+0200,76.313,76.297
17.02.2021 17:20:41.508 GMT+0200,76.302,76.288
17.02.2021 17:20:41.960 GMT+0200,76.293,76.277
17.02.2021 17:20:42.211 GMT+0200,76.303,76.277
17.02.2021 17:20:43.041 GMT+0200,76.303,76.287
17.02.2021 17:20:45.783 GMT+0200,76.293,76.277
17.02.2021 17:20:50.056 GMT+0200,76.283,76.267
17.02.2021 17:20:50.357 GMT+0200,76.282,76.258
17.02.2021 17:20:50.613 GMT+0200,76.282,76.268
17.02.2021 17:20:54.572 GMT+0200,76.272,76.258
17.02.2021 17:20:58.341 GMT+0200,76.283,76.267
17.02.2021 17:21:00.726 GMT+0200,76.272,76.268
17.02.2021 17:21:00.776 GMT+0200,76.272,76.258
17.02.2021 17:21:04.793 GMT+0200,76.282,76.268
17.02.2021 17:21:06.112 GMT+0200,76.272,76.268
17.02.2021 17:21:06.162 GMT+0200,76.272,76.258
17.02.2021 17:21:06.463 GMT+0200,76.263,76.247
17.02.2021 17:21:10.270 GMT+0200,76.273,76.247
17.02.2021 17:21:10.650 GMT+0200,76.272,76.258
17.02.2021 17:21:10.813 GMT+0200,76.272,76.248
17.02.2021 17:21:11.111 GMT+0200,76.272,76.258
17.02.2021 17:21:11.674 GMT+0200,76.272,76.248
17.02.2021 17:21:11.725 GMT+0200,76.262,76.248
17.02.2021 17:21:12.028 GMT+0200,76.253,76.237
17.02.2021 17:21:12.128 GMT+0200,76.262,76.238
17.02.2021 17:21:12.179 GMT+0200,76.263,76.247
17.02.2021 17:21:15.711 GMT+0200,76.253,76.237
17.02.2021 17:21:16.513 GMT+0200,76.262,76.248
17.02.2021 17:21:16.663 GMT+0200,76.252,76.238
17.02.2021 17:21:17.023 GMT+0200,76.262,76.238
17.02.2021 17:21:17.073 GMT+0200,76.253,76.237
17.02.2021 17:21:19.854 GMT+0200,76.263,76.237
17.02.2021 17:21:20.121 GMT+0200,76.263,76.247
17.02.2021 17:21:22.385 GMT+0200,76.253,76.237
17.02.2021 17:21:22.746 GMT+0200,76.262,76.238
17.02.2021 17:21:22.924 GMT+0200,76.262,76.248
17.02.2021 17:21:23.288 GMT+0200,76.262,76.238
17.02.2021 17:21:23.407 GMT+0200,76.262,76.248
17.02.2021 17:21:24.232 GMT+0200,76.253,76.237
17.02.2021 17:21:24.557 GMT+0200,76.252,76.228
17.02.2021 17:21:24.718 GMT+0200,76.252,76.238
17.02.2021 17:21:29.680 GMT+0200,76.242,76.228
17.02.2021 17:21:30.425 GMT+0200,76.232,76.218
17.02.2021 17:21:31.826 GMT+0200,76.243,76.227
17.02.2021 17:21:31.926 GMT+0200,76.243,76.217
17.02.2021 17:21:32.331 GMT+0200,76.242,76.228
17.02.2021 17:21:33.845 GMT+0200,76.233,76.217
17.02.2021 17:21:37.118 GMT+0200,76.222,76.218
17.02.2021 17:21:37.169 GMT+0200,76.222,76.208
17.02.2021 17:21:44.083 GMT+0200,76.223,76.197
17.02.2021 17:21:44.364 GMT+0200,76.213,76.197
17.02.2021 17:21:45.194 GMT+0200,76.223,76.207
17.02.2021 17:21:46.052 GMT+0200,76.232,76.218
17.02.2021 17:21:46.280 GMT+0200,76.233,76.207
17.02.2021 17:21:46.397 GMT+0200,76.223,76.207
17.02.2021 17:21:47.910 GMT+0200,76.233,76.217
17.02.2021 17:21:51.553 GMT+0200,76.243,76.227
17.02.2021 17:21:52.517 GMT+0200,76.232,76.218
17.02.2021 17:21:56.949 GMT+0200,76.223,76.217
17.02.2021 17:21:56.999 GMT+0200,76.223,76.207
17.02.2021 17:22:02.570 GMT+0200,76.213,76.207
17.02.2021 17:22:02.620 GMT+0200,76.213,76.197
17.02.2021 17:22:03.030 GMT+0200,76.213,76.187
17.02.2021 17:22:03.131 GMT+0200,76.213,76.197
17.02.2021 17:22:03.374 GMT+0200,76.202,76.188
17.02.2021 17:22:10.266 GMT+0200,76.213,76.187
17.02.2021 17:22:10.671 GMT+0200,76.212,76.198
17.02.2021 17:22:10.972 GMT+0200,76.222,76.208
17.02.2021 17:22:11.417 GMT+0200,76.213,76.197
17.02.2021 17:22:11.574 GMT+0200,76.223,76.207
17.02.2021 17:22:12.055 GMT+0200,76.213,76.197
17.02.2021 17:22:12.105 GMT+0200,76.222,76.198
17.02.2021 17:22:12.155 GMT+0200,76.222,76.208
17.02.2021 17:22:12.342 GMT+0200,76.213,76.207
17.02.2021 17:22:12.392 GMT+0200,76.212,76.198
17.02.2021 17:22:12.492 GMT+0200,76.223,76.207
17.02.2021 17:22:13.400 GMT+0200,76.232,76.218
17.02.2021 17:22:13.906 GMT+0200,76.222,76.208
17.02.2021 17:22:21.048 GMT+0200,76.212,76.208
17.02.2021 17:22:21.098 GMT+0200,76.212,76.198
17.02.2021 17:22:21.449 GMT+0200,76.203,76.187
17.02.2021 17:22:21.650 GMT+0200,76.212,76.198
17.02.2021 17:22:26.397 GMT+0200,76.202,76.188
17.02.2021 17:22:27.182 GMT+0200,76.192,76.178
17.02.2021 17:22:27.283 GMT+0200,76.202,76.178
17.02.2021 17:22:27.383 GMT+0200,76.202,76.188
17.02.2021 17:22:27.856 GMT+0200,76.203,76.177
17.02.2021 17:22:27.906 GMT+0200,76.203,76.187
17.02.2021 17:22:37.025 GMT+0200,76.193,76.177
17.02.2021 17:22:41.547 GMT+0200,76.202,76.178
17.02.2021 17:22:41.696 GMT+0200,76.193,76.177
17.02.2021 17:22:41.847 GMT+0200,76.202,76.178
17.02.2021 17:22:42.041 GMT+0200,76.192,76.178
17.02.2021 17:22:42.141 GMT+0200,76.203,76.177
17.02.2021 17:22:42.243 GMT+0200,76.193,76.177
17.02.2021 17:22:42.507 GMT+0200,76.203,76.177
17.02.2021 17:22:43.411 GMT+0200,76.202,76.188
17.02.2021 17:22:44.622 GMT+0200,76.213,76.187
17.02.2021 17:22:44.833 GMT+0200,76.203,76.187
17.02.2021 17:22:54.152 GMT+0200,76.192,76.178
17.02.2021 17:23:02.221 GMT+0200,76.202,76.178
17.02.2021 17:23:02.279 GMT+0200,76.193,76.177
17.02.2021 17:23:02.970 GMT+0200,76.203,76.177
17.02.2021 17:23:04.144 GMT+0200,76.192,76.178
17.02.2021 17:23:07.712 GMT+0200,76.192,76.168
17.02.2021 17:23:07.762 GMT+0200,76.183,76.167
17.02.2021 17:23:12.514 GMT+0200,76.173,76.167
17.02.2021 17:23:12.565 GMT+0200,76.173,76.157
17.02.2021 17:23:14.604 GMT+0200,76.183,76.167
17.02.2021 17:23:15.218 GMT+0200,76.182,76.178
17.02.2021 17:23:15.268 GMT+0200,76.193,76.177
17.02.2021 17:23:17.000 GMT+0200,76.203,76.177
17.02.2021 17:23:17.123 GMT+0200,76.203,76.187
17.02.2021 17:23:17.408 GMT+0200,76.202,76.178
17.02.2021 17:23:17.458 GMT+0200,76.192,76.178
17.02.2021 17:23:17.559 GMT+0200,76.203,76.187
17.02.2021 17:23:21.315 GMT+0200,76.213,76.197
17.02.2021 17:23:22.151 GMT+0200,76.222,76.208
17.02.2021 17:23:22.301 GMT+0200,76.212,76.198
17.02.2021 17:23:24.786 GMT+0200,76.212,76.208
17.02.2021 17:23:24.836 GMT+0200,76.222,76.208
17.02.2021 17:23:25.839 GMT+0200,76.223,76.217
17.02.2021 17:23:25.889 GMT+0200,76.233,76.217
17.02.2021 17:23:25.990 GMT+0200,76.223,76.207
17.02.2021 17:23:28.418 GMT+0200,76.213,76.207
17.02.2021 17:23:28.468 GMT+0200,76.212,76.198
17.02.2021 17:23:30.702 GMT+0200,76.202,76.188
17.02.2021 17:23:30.954 GMT+0200,76.192,76.178
17.02.2021 17:23:31.104 GMT+0200,76.203,76.177
17.02.2021 17:23:31.159 GMT+0200,76.203,76.187
17.02.2021 17:23:34.594 GMT+0200,76.212,76.198
17.02.2021 17:23:37.250 GMT+0200,76.212,76.188
17.02.2021 17:23:37.350 GMT+0200,76.202,76.188
17.02.2021 17:23:40.921 GMT+0200,76.193,76.177
17.02.2021 17:23:48.155 GMT+0200,76.193,76.167
17.02.2021 17:23:48.613 GMT+0200,76.182,76.168
17.02.2021 17:23:49.227 GMT+0200,76.192,76.168
17.02.2021 17:23:49.278 GMT+0200,76.193,76.177
17.02.2021 17:23:49.390 GMT+0200,76.193,76.167
17.02.2021 17:23:49.754 GMT+0200,76.192,76.178
17.02.2021 17:23:52.173 GMT+0200,76.183,76.167
17.02.2021 17:23:53.631 GMT+0200,76.192,76.178
17.02.2021 17:23:53.817 GMT+0200,76.193,76.167
17.02.2021 17:23:53.890 GMT+0200,76.192,76.178
17.02.2021 17:23:55.082 GMT+0200,76.183,76.177
17.02.2021 17:23:55.132 GMT+0200,76.183,76.167
17.02.2021 17:23:56.574 GMT+0200,76.192,76.168
17.02.2021 17:23:56.725 GMT+0200,76.193,76.177
17.02.2021 17:23:58.045 GMT+0200,76.202,76.188
17.02.2021 17:23:58.326 GMT+0200,76.202,76.178
17.02.2021 17:23:58.377 GMT+0200,76.193,76.177
17.02.2021 17:23:58.477 GMT+0200,76.202,76.178
17.02.2021 17:23:58.528 GMT+0200,76.193,76.177
17.02.2021 17:23:58.628 GMT+0200,76.203,76.177
17.02.2021 17:23:58.679 GMT+0200,76.202,76.188
17.02.2021 17:23:59.136 GMT+0200,76.203,76.177
17.02.2021 17:23:59.186 GMT+0200,76.202,76.188
17.02.2021 17:23:59.694 GMT+0200,76.193,76.177
17.02.2021 17:24:00.044 GMT+0200,76.202,76.188
17.02.2021 17:24:00.195 GMT+0200,76.192,76.178
17.02.2021 17:24:03.412 GMT+0200,76.203,76.187
17.02.2021 17:24:04.347 GMT+0200,76.192,76.178
17.02.2021 17:24:09.943 GMT+0200,76.202,76.178
17.02.2021 17:24:09.993 GMT+0200,76.202,76.188
17.02.2021 17:24:10.194 GMT+0200,76.202,76.178
17.02.2021 17:24:10.244 GMT+0200,76.193,76.177
17.02.2021 17:24:15.367 GMT+0200,76.182,76.168
17.02.2021 17:24:17.557 GMT+0200,76.183,76.177
17.02.2021 17:24:17.607 GMT+0200,76.193,76.177
17.02.2021 17:24:19.420 GMT+0200,76.182,76.168
17.02.2021 17:24:22.091 GMT+0200,76.192,76.178
17.02.2021 17:24:24.967 GMT+0200,76.203,76.177
17.02.2021 17:24:25.017 GMT+0200,76.203,76.187
17.02.2021 17:24:26.354 GMT+0200,76.193,76.177
17.02.2021 17:24:27.784 GMT+0200,76.203,76.187
17.02.2021 17:24:30.056 GMT+0200,76.192,76.178
17.02.2021 17:24:31.233 GMT+0200,76.202,76.178
17.02.2021 17:24:31.284 GMT+0200,76.193,76.177
17.02.2021 17:24:31.667 GMT+0200,76.203,76.177
17.02.2021 17:24:31.900 GMT+0200,76.203,76.187
17.02.2021 17:24:33.045 GMT+0200,76.192,76.188
17.02.2021 17:24:33.096 GMT+0200,76.193,76.177
17.02.2021 17:24:38.451 GMT+0200,76.183,76.167
17.02.2021 17:24:39.936 GMT+0200,76.193,76.177
17.02.2021 17:24:42.004 GMT+0200,76.193,76.167
17.02.2021 17:24:42.208 GMT+0200,76.183,76.167
17.02.2021 17:24:42.658 GMT+0200,76.193,76.167
17.02.2021 17:24:42.809 GMT+0200,76.183,76.167
17.02.2021 17:24:43.290 GMT+0200,76.193,76.177
17.02.2021 17:24:45.115 GMT+0200,76.182,76.178
17.02.2021 17:24:45.166 GMT+0200,76.182,76.168
17.02.2021 17:24:49.611 GMT+0200,76.172,76.158
17.02.2021 17:24:53.360 GMT+0200,76.182,76.168
17.02.2021 17:24:54.942 GMT+0200,76.172,76.168
17.02.2021 17:24:54.992 GMT+0200,76.173,76.157
17.02.2021 17:24:57.443 GMT+0200,76.173,76.147
17.02.2021 17:24:57.493 GMT+0200,76.163,76.147
17.02.2021 17:24:57.544 GMT+0200,76.172,76.148
17.02.2021 17:24:57.694 GMT+0200,76.172,76.158
17.02.2021 17:25:01.464 GMT+0200,76.162,76.148
17.02.2021 17:25:03.232 GMT+0200,76.172,76.158
17.02.2021 17:25:26.476 GMT+0200,76.183,76.167
17.02.2021 17:25:31.462 GMT+0200,76.173,76.157
17.02.2021 17:25:35.333 GMT+0200,76.163,76.147
17.02.2021 17:25:39.714 GMT+0200,76.163,76.137
17.02.2021 17:25:39.764 GMT+0200,76.153,76.137
17.02.2021 17:25:39.865 GMT+0200,76.163,76.147
